3074 4788
730 294 948 360 .-72-

256 473 493 539 Heimreichius
521 491 598 537 sane
626 477 658 537 et
681 471 844 536 Caruttius
873 474 1022 556 quintum
1047 471 1164 536 librum
1187 472 1350 557 Propertio
1373 473 1434 536 ab·

257 582 500 663 iudicavenmt,
537 580 591 645 sed
608 580 749 644 nemini
785 585 1022 669 persuaserunt.
1077 577 1218 644 Metriois
1246 580 1436 644 rationibus
1524 637 1525 640 ,

258 683 553 772 chronologicisqtie
571 687 659 750 hunc
676 685 834 770 Propertii
851 686 970 751 librum
994 691 1175 751 extremum
1199 705 1269 751 esse
1287 687 1434 752 hlsohen-

256 796 390 880 hurgius
405 793 697 859 demonstravitlib.
713 794 801 860 misc.
816 813 844 877 p.
857 795 899 857 83
910 813 988 877 sqq,
1006 793 1086 857 adde
1101 812 1184 876 quae
1203 793 1270 856 diri
1283 813 1313 878 p.
1329 795 1368 856 27
1380 815 1434 879 sq.

257 903 393 967 Transeo
413 903 452 967 ad
471 901 599 986 singula
617 901 764 966 carmina.
802 899 851 965 De
868 900 963 984 primi
982 900 1132 964 carminis
1149 901 1238 984 parte
1255 903 1435 985 posteriore
1524 941 1525 988 3

258 1009 338 1101 nihil
357 1010 433 1074 certi
452 1015 582 1074 constat
619 1009 696 1074 Veri
716 1008 820 1073 simile
838 1011 886 1072 est
904 1009 1028 1072 eertum
1049 1007 1191 1091 aliquem
1214 1009 1435 1093 horoscopum
1524 989 1525 1048 7

257 1121 369 1202 poetae
391 1117 560 1181 inimicum
579 1117 665 1201 carpi
684 1121 780 1199 atque
799 1115 888 1200 quod
905 1117 940 1178 in
959 1114 1138 1178 carminum
1156 1114 1266 1180 ordine
1285 1114 1436 1180 Cornelia

260 1225 398 1309 quodam
425 1225 519 1288 modo
552 1229 583 1289 et
610 1224 683 1289 lena
714 1223 891 1307 horoscopo
923 1221 1116 1305 respondent
1148 1223 1294 1307 colligere
1325 1225 1437 1307 possis
1524 1295 1525 1298 Ἴ

248 1331 422 1396 'hominem
454 1349 521 1396 non
547 1333 660 1396 virum
688 1330 744 1394 sed
772 1335 936 1394 mortuum
963 1330 1082 1393 vexari.
1116 1329 1268 1394 Carmen
1298 1332 1436 1395 tertium
1524 1361 1525 1366 ¹

258 1440 392 1504 fortasse
415 1444 488 1504 ante
511 1439 602 1524 signa
620 1437 726 1502 Crassi
749 1436 920 1502 aPhraate
944 1455 1028 1500 anno
1053 1437 1117 1500 734
1135 1437 1284 1522 Augusta
1306 1438 1436 1502 reddita

260 1547 413 1631 scriptum
441 1551 490 1611 est
521 1565 558 1610 ac
585 1565 660 1609 eum
687 1545 811 1609 diutius
841 1541 976 1624 Lycotas
1003 1543 1057 1610 ille
1085 1544 1178 1608 domo
1207 1543 1319 1610 abesse
1340 1545 1436 1610 vide·

260 1659 332 1719 atur
359 1657 468 1718 contre
494 1652 629 1718 Parthos
658 1651 814 1735 stipendia
841 1649 980 1734 merens,
1007 1652 1088 1714 nihil
1111 1651 1227 1734 obstat,
1256 1653 1438 1736 quominus

259 1761 306 1824 illi
336 1761 399 1844 ipsi
431 1779 514 1825 anno
543 1761 607 1824 734
634 1761 761 1824 ineunti
788 1759 836 1840 (ci.
860 1779 890 1822 v.
914 1759 970 1838 42)
998 1758 1058 1822 hoc
1085 1779 1214 1824 carmen
1240 1760 1435 1826 tribuamus.

261 1868 453 1932 Arethusam
481 1872 512 1932 et
534 1866 676 1949 Lycoten
699 1866 825 1932 heliam
854 1872 886 1930 et
907 1865 1100 1930 Postumum
1129 1868 1278 1931 carminis
1306 1867 1360 1930 IV.
1388 1869 1436 1932 12

260 1994 330 2041 esse
348 1974 576 2059 Hertzbergius
595 1974 725 2058 quidem
748 1974 885 2057 negarit,
907 1972 1080 2037 levioribus
1102 1978 1209 2038 tamen
1233 1977 1437 2059 argumentis

259 2085 374 2165 nixae,
400 2083 531 2146 nomina
558 2101 633 2146 eum
662 2100 726 2145 non
755 2080 928 2162 offendent,
956 2080 1013 2163 qui
1041 2079 1102 2143 sub
1126 2079 1367 2166 Demophoonta
1396 2084 1437 2147 in

260 2192 401 2255 carmine
433 2188 492 2252 ΠΙ.
522 2190 562 2251 22
591 2187 732 2253 Tuscum
756 2187 852 2252 latere
884 2187 1041 2251 concedet.
1095 2186 1181 2252 Nihil
1214 2193 1321 2253 tamen
1352 2191 1437 2254 certi

259 2298 460 2385 pronuntiari
482 2300 593 2380 potest
632 2295 765 2361 Carmen
784 2300 911 2360 sextum
931 2314 1015 2358 anno
1040 2294 1101 2357 737
1122 2294 1173 2359 vel
1194 2296 1256 2359 738
1276 2297 1435 2380 scriptum

260 2425 330 2472 esse
350 2423 461 2469 omnes
479 2403 665 2468 concedunt
702 2402 848 2468 Fortasse
871 2408 955 2467 recte
978 2399 1130 2466 Barthius
1153 2404 1288 2467 coniecit
1304 2408 1434 2488 poetam

260 2515 321 2578 hoc
340 2531 467 2576 carmen
490 2510 580 2575 brevi
598 2509 740 2575 anteve]
763 2515 835 2594 post
857 2510 950 2574 ludos
973 2511 1230 2594 quinquennales
1253 2512 1288 2574 in
1311 2529 1435 2575 memo-

261 2622 342 2684 riam
359 2620 507 2683 Actiacae
530 2619 679 2682 victoriae
702 2617 741 2682 ab
760 2620 910 2702 Augusto
932 2617 1097 2682 institutos
1115 2623 1147 2682 et
1165 2637 1248 2681 anno
1269 2619 1330 2681 737
1350 2618 1435 2683 cele·

261 2726 366 2791 bretos
395 2727 622 2810 composuisse,
644 2725 753 2789 eodem
776 2725 842 2789 fere
865 2729 1007 2808 tempore
1030 2743 1094 2808 quo
1117 2725 1288 2810 Augustus
1310 2724 1351 2788 ad
1372 2724 1436 2807 Sy·

261 2833 405 2898 cambros
433 2832 628 2917 subigendos
656 2851 696 2897 ex
723 2832 802 2897 urbe
829 2830 988 2916 proficisci
1019 2833 1193 2896 constituit.
1243 2831 1359 2897 Poetae
1393 2834 1435 2898 de
1524 2859 1525 2890 1

261 2948 388 3007 aeterno
416 2940 632 3004 Romanorum
663 2941 796 3025 imperio
824 2958 889 3002 non
918 2938 1076 3003 dubitanti
1101 2939 1278 3023 gloriosum
1306 2940 1344 3004 de
1372 2940 1435 3022 Sy·
1524 2933 1525 2946 ²

261 3047 396 3112 cambris
425 3049 590 3112 servituris
616 3049 651 3110 in
673 3068 702 3110 v.
729 3048 768 3108 77
793 3046 980 3110 vaticinium
1004 3045 1266 3129 condonabimus,
1292 3065 1435 3131 praeser—
1524 3029 1525 3036 ἵ

261 3156 319 3218 tim
342 3175 416 3218 cum
440 3156 643 3218 coniunctivo
666 3157 783 3218 utahu.
821 3153 955 3217 Carmen
978 3155 1153 3238 septimum
1176 3173 1260 3217 auno
1281 3154 1344 3217 735
1367 3154 1434 3219 fere

261 3260 350 3325 brevi
376 3266 448 3344 post
475 3261 629 3343 Cynthiae
656 3266 789 3326 mortem
818 3261 972 3344 scriptum
1005 3266 1060 3326 est
1112 3260 1247 3325 Carmen
1281 3265 1433 3324 octavum

261 3369 425 3452 aliquanto
449 3373 522 3433 ante
541 3369 699 3453 scriptum
723 3374 772 3434 est
794 3388 877 3432 anno
898 3370 963 3432 734
984 3355 1058 3450 fere,
1080 3387 1195 3432 versus
1217 3369 1233 3430 1
1258 3368 1318 3432 hoc
1337 3387 1433 3453 spou-

262 3476 315 3540 det
335 3481 369 3539 'et
390 3481 463 3560 post
484 3495 610 3541 carmen
635 3477 807 3560 septimum
831 3477 1022 3540 severiorem
1051 3475 1206 3540 adversus
1227 3474 1432 3560 Lygdamum
1524 3497 1525 3506 ¹

261 3585 405 3647 animum
425 3587 623 3666 ostentasset,
642 3603 739 3666 quam
758 3583 868 3666 quiin
886 3584 1026 3648 carmine
1044 3587 1155 3647 octavo
1175 3583 1433 3667 deprehenditur,
1524 3607 1525 3612 ¹

262 3690 299 3754 cf.
322 3711 352 3753 v.
379 3692 427 3755 70.
480 3689 613 3754 Carmen
646 3690 854 3754 undecimum
887 3709 970 3753 auno
1004 3691 1067 3754 738
1101 3691 1255 3774 scriptum
1287 3694 1338 3754 est
1369 3711 1433 3774 quo
1524 3725 1525 3732 κ

261 3803 345 3862 anno
367 3797 462 3862 irater
485 3796 647 3861 Corneliae
666 3795 801 3861 Publius
821 3795 987 3861 Cornelius
1005 3787 1110 3881 Scipio
1134 3796 1247 3861 consul
1269 3796 1331 3860 fuit
1353 3801 1433 3862 teste

261 3905 364 3971 Dione
387 3925 412 3970 c.
438 3905 558 3988 54,19.
601 3903 746 3968 Cornelia
772 3909 898 3968 mortua
926 3910 975 3968 est
996 3910 1168 3988 antequam
1194 3905 1292 3969 irater
1319 3905 1433 3968 consul

262 4014 445 4098 designatus
469 4018 535 4078 erat
557 4011 595 4076 ci.
619 4031 671 4073 vv.
696 4011 794 4094 eosq.
818 4030 901 4074 anno
923 4012 1021 4095 igitur
1046 4012 1107 4074 737
1132 4017 1271 4077 exeunte
1290 4016 1322 4076 et
1343 4010 1432 4077 brevi

260 4125 341 4204 post,
364 4141 448 4185 anno
475 4122 537 4183 738
561 4121 693 4183 ineunte
715 4122 807 4202 poeta
829 4119 891 4182 hoc
914 4137 1042 4183 carmen
1066 4120 1229 4204 scripsisse
1253 4105 1380 4184 videtur
1397 4127 1433 4183 ut

262 4228 430 4311 coniugem
450 4227 654 4309 superstitem
672 4225 706 4288 L
725 4225 901 4290 Aemilium
923 4225 1074 4290 Paullum
1093 4225 1318 4290 consolaretur.
1345 4225 1433 4290 Hae'c

262 4352 327 4397 non
354 4352 486 4416 prorsus
505 4351 542 4396 eo
560 4335 747 4395 evertrmtur
770 4332 857 4415 quod
874 4329 1092 4396 Buechelerus
1113 4333 1149 4395 in
1168 4332 1285 4397 scholis
1304 4336 1339 4397 'et
1362 4339 1433 4417 post
