3074 4788
598 269 816 332 ..55-

232 449 281 531 10,
305 449 344 511 17
368 450 503 534 ί010οῖ0
527 468 592 533 qua
613 447 713 531 polles
736 454 774 512 ut
796 449 838 512 sit
859 447 917 512 tibi
939 448 1041 512 ferma
1063 451 1212 534 perennia

426 557 527 640 inque
549 574 655 620 meum
682 573 807 639 semper
830 559 914 620 stent
936 560 992 620 tua
1014 575 1111 640 regna
1134 558 1249 641 caput?

230 665 281 744 20,
306 664 322 725 7
347 664 406 728 ‘est
427 663 485 726 tibi
506 662 608 726 forma
631 667 745 746 potens
769 667 845 726 sunt
868 666 972 728 uastae
1000 662 1139 728 Palladis
1163 665 1265 730 artes)

230 772 281 854 23,
302 771 342 833 13
365 771 416 834 ‘an
438 769 496 834 tibi
519 771 627 834 neseio
651 788 733 852 quae
756 769 826 832 visa
848 775 897 832 est
919 768 1118 834 fermesierl’

120 875 244 942 Laudat
269 882 362 961 poeta
389 877 483 942 etiam
512 882 593 942 artes
622 875 748 960 puellae
776 875 843 939 aive
870 894 911 940 ne
940 877 1006 941 selo
1035 876 1153 942 formae
1186 895 1294 944 amere

120 988 297 1048 matronam
324 983 440 1048 adiisse
467 983 613 1048 videatur
641 983 709 1046 sive
735 982 859 1066 puellae
885 983 987 1066 gratia
1014 1004 1097 1067 quae
1125 985 1208 1049 dotti
1241 987 1293 1050 avi

122 1089 212 1156 doeta
238 1090 342 1174 neptis
369 1091 471 1156 videri
498 1091 612 1170 voluit3
646 1089 769 1173 aliquid
799 1088 931 1156 fortasse
958 1091 1053 1156 etiam
1081 1093 1212 1176 gavisus
1246 1099 1294 1158 est

122 1198 209 1280 quod
238 1199 378 1262 earmina
406 1219 466 1263 sua
488 1219 506 1263 0
528 1198 634 1282 puella
656 1197 795 1280 benigne
817 1200 849 1260 et
870 1201 960 1279 grate
984 1197 1091 1262 anime
1113 1205 1239 1284 recepta
1262 1207 1294 1265 et

120 1305 248 1370 laudata
271 1310 368 1370 erant.
405 1304 539 1390 Saepius
562 1309 668 1370 tamen
693 1321 726 1368 se
749 1303 818 1368 sola
840 1302 965 1385 puellae
984 1304 1084 1368 forma
1101 1305 1292 1370 inflammari

121 1431 186 1476 000
219 1410 354 1476 obscure
385 1411 510 1476 fatetur.
557 1412 651 1476 mus
679 1411 797 1476 formae
821 1411 984 1495 anteponit
1005 1411 1039 1474 in
1062 1431 1113 1474 vv.
1139 1411 1162 1475 Ι.
1188 1414 1217 1495 4,
1243 1414 1294 1495 11,

119 1519 163 1584 II.
189 1521 218 1601 3,
238 1521 268 1601 9,
291 1520 431 1584 earmina
453 1518 559 1602 puella
581 1518 656 1584 feeit
679 1518 729 1599 (ef.
752 1539 803 1581 00.
828 1518 852 1582 Ι.
883 1521 912 1601 2,
936 1519 989 1600 27,
1019 1516 1061 1580 ΙΙ.
1092 1520 1121 1599 3,
1149 1519 1188 1582 21
1202 1522 1293 1604 sqq),

121 1627 262 1690 earmina
293 1631 404 1710 poetae
435 1625 524 1708 legit,
556 1626 631 1690 colit
661 1626 771 1690 recitat
801 1625 913 1709 prebat
944 1624 1068 1706 (0100.
1098 1625 1157 1688 ΙΙΙ.
1184 1627 1234 1709 13,
1258 1628 1292 1707 9;

122 1734 173 1815 24,
198 1735 253 1812 21;
280 1732 331 1813 26,
359 1733 414 1809 253
446 1733 497 1816 33,
521 1735 584 1814 38).
630 1731 792 1798 Minervae
820 1737 902 1797 artes
929 1731 1022 1797 habet
1050 1752 1100 1795 vv.
1129 1732 1153 1796 Ι.
1184 1735 1213 1816 2,
1242 1735 1293 1798 30.

120 1839 176 1903 IV.
204 1841 257 1921 20,
280 1840 309 1921 7,
333 1857 530 1923 quamquam
553 1859 628 1904 nere
653 1859 782 1923 queque
805 1845 837 1904 et
854 1846 963 1904 texam
982 1840 1043 1903 seit
1064 1860 1115 1905 00.
1139 1839 1164 1902 Ι.
1189 1843 1217 1923 3,
1241 1843 1293 1904 41.

119 1945 177 2010 IV.
200 1947 296 2029 6,16,
315 1967 394 2011 num
413 1965 489 2013 vero
508 1947 589 2011 hanc
608 1950 706 2011 artem
726 1967 818 2031 saepe
837 1947 1017 2012 exercuerit
1036 1946 1155 2030 dubito,
1175 1948 1295 2013 seiebat

120 2054 207 2119 enim
237 2056 330 2119 etiam
358 2055 433 2118 0100
462 2058 649 2118 noctumem
680 2055 839 2118 tristitiam
867 2051 1023 2136 expellere
1052 2057 1114 2135 (vv.
1139 2054 1164 2118 I.
1190 2055 1241 2138 10,
1265 2057 1293 2118 5.

119 2160 181 2225 Ill.
203 2163 254 2244 33,
273 2163 335 2241 35).
374 2161 455 2228 Cum
477 2161 578 2246 gratia
596 2159 770 2244 loquitur(
793 2211 799 2223 .
821 2160 846 2225 1.
868 2162 898 2241 2,
917 2161 982 2241 29),
1005 2160 1167 2244 impudiea
1186 2168 1291 2228 tamen

120 2287 228 2352 saepe,
260 2269 415 2352 permittit
447 2268 532 2333 enim
560 2273 652 2351 poeta
679 2288 708 2329 v.
732 2267 787 2334 IV.
811 2268 861 2349 10,
886 2268 927 2330 24
955 2267 1002 2330 ‘ut
1034 2269 1100 2330 sint
1132 2269 1293 2353 nequitiae

7 2397 9 2402 ·
119 2374 219 2440 littera
246 2375 342 2442 verba
368 2375 453 2440 tuae’
482 2375 627 2457 (fortasse
653 2375 753 2458 igitur
779 2376 814 2440 in
841 2395 870 2436 0.
896 2373 935 2437 V.
960 2376 991 2456 8,
1016 2375 1056 2437 22
1087 2373 1292 2440 Marklandus

120 2488 153 2548 et
170 2482 242 2546 Itali
266 2483 395 2566 quidam
419 2488 499 2548 teste
517 2481 702 2546 Burmanno
725 2487 809 2546 reete
831 2480 936 2546 ‘iones'
961 2481 1177 2565 seripserunt).
1220 2482 1293 2547 For·

122 2609 212 2654 mose
237 2591 329 2654 saltat
351 2611 380 2653 0.
404 2589 447 2654 II.
473 2593 503 2673 3,
528 2590 579 2672 17,
601 2589 672 2671 lyra
694 2589 829 2673 insignis
854 2593 902 2653 est
923 2607 974 2650 vv.
999 2587 1025 2650 I.
1049 2590 1077 2666 2,
1103 2591 1160 2670 28,
1186 2592 1216 2673 3,
1239 2591 1292 2671 42;

120 2697 166 2777 II,
191 2697 218 2778 1,
243 2698 276 2775 93
307 2699 336 2778 3,
362 2698 458 2781 l9sq.
504 2694 638 2762 Doctum
666 2701 760 2780 poeta
786 2699 878 2760 000οῖ
900 2694 1040 2778 puellam
1064 2716 1114 2757 00.
1138 2695 1163 2759 I.
1189 2697 1294 2780 7,11,

120 2802 182 2867 ΙΙΙ.
208 2804 257 2886 13,
278 2803 316 2865 11
342 2803 396 2885 (ΙΙ.
421 2806 450 2886 3,
470 2805 533 2888 20).
570 2802 694 2867 Verum
716 2803 958 2867 meminerimus
982 2821 1194 2886 eorumquae
1218 2804 1293 2866 Ovi-

121 2909 197 2974 dius
221 2910 302 2974 dixit
323 2911 358 2973 10
380 2911 458 2976 Arte
481 2931 541 2974 am.
565 2931 617 2972 vv.
641 2909 682 2973 II.
708 2911 770 2973 281
783 2930 866 2993 sqq:

281 3018 367 3082 ‘sunt
389 3023 496 3082 tamen
519 3023 551 3082 et
574 3017 692 3099 doetae,
714 3017 875 3081 rarissima
897 3016 988 3080 turba
1010 3016 1145 3100 puellae,

328 3124 425 3188 altera
447 3144 513 3188 000
536 3124 645 3190 doctae
664 3123 757 3189 turba
779 3123 834 3188 sed
853 3142 924 3188 esse
946 3122 1080 3188 volunt’

122 3231 271 3296 Carmina
298 3233 444 3313 recitare,
466 3231 538 3314 lyra
560 3251 681 3314 canere,
707 3230 832 3316 puellae
854 3232 1008 3317 innuptae
1031 3250 1096 3295 000
1119 3251 1189 3294 000
1215 3229 1293 3295 0101-

122 3343 236 3404 cerunt
253 3337 373 3404 Romae
392 3340 429 3403 ef.
448 3337 524 3404 Hor.
545 3345 640 3404 satu.
652 3338 676 3402 I.
689 3339 803 3421 10,91,
822 3336 912 3402 0010.
933 3339 1004 3402 Am.
1015 3359 1066 3400 00.
1076 3338 1118 3403 11.
1130 3339 1161 3420 4,
1171 3339 1212 3400 25
1225 3359 1292 3422 sqq.

122 3446 192 3510 Art.
215 3465 275 3510 am.
300 3466 352 3507 00.
375 3445 432 3510 ΙΠ.
463 3447 536 3528 315,
561 3447 634 3529 349,
657 3446 732 3510 sut.
762 3445 832 3510 silv.
856 3466 885 3508 0.
910 3444 970 3508 ΙΠ.
996 3446 1025 3526 5,
1054 3445 1095 3507 63
1124 3445 1173 3526 (01.
1197 3445 1292 3508 etiam

123 3552 206 3616 Plin.
234 3572 280 3636 ep.
309 3552 364 3616 IV.
391 3554 452 3634 19).
488 3553 606 3618 Tamen
630 3554 687 3637 qui
711 3551 864 3634 Cynthiae
886 3571 991 3616 mores
1014 3551 1292 3616 adcuratius'een-

122 3659 241 3724 siderat
263 3660 319 3724 vix
342 3664 444 3744 potest
465 3660 568 3726 faeere
591 3661 670 3744 quin
694 3660 723 3725 ei
745 3661 779 3724 in
803 3664 941 3724 mentem
966 3659 1073 3722 veniat
1099 3658 1292 3722 histrionum

122 3767 250 3832 illarum
278 3769 480 3850 amalridum,
507 3771 670 3851 poetarum
702 3766 1046 3851 grammaticorumque
1081 3765 1293 3850 interpretum

122 3874 318 3940 aluvenale
345 3880 436 3939 sexta
464 3875 560 3940 satira
583 3875 814 3958 castigaturum.
861 3871 985 3936 Gaudet
1007 3871 1144 3953 Cynthia
1167 3890 1201 3937 se
1223 3871 1292 3936 lau-

123 3981 192 4046 dari
219 3981 304 4064 quod
331 3981 471 4046 formose
499 3978 591 4045 saltet
618 3980 731 4046 Iaeeho
756 3985 796 4062 (0.
820 3979 861 4042 ΙΙ.
892 3980 921 4061 3,
947 3979 1015 4060 17),
1041 3979 1126 4044 ludis
1150 3998 1292 4044 eorrum-

122 4089 211 4172 pitnr
232 4108 261 4150 v.
286 4087 344 4152 ΠΙ.
371 4089 421 4170 19,
445 4090 473 4170 9,
501 4087 609 4152 rivalis
642 4088 791 4152 carminis
821 4085 881 4150 ΠΙ.
906 4083 976 4168 241,
1003 4087 1070 4170 ipse
1098 4091 1155 4150 aut
1181 4086 1292 4150 histrio

123 4200 180 4260 aut
201 4200 295 4280 poeta
316 4194 384 4261 tuit.
430 4194 505 4280 Ipsa
528 4196 620 4260 annis
642 4197 744 4260 maior
765 4200 890 4279 poetam
914 4193 979 4258 odit
1005 4195 1156 4258 iuvenem
1179 4213 1208 4254 0.
1232 4191 1291 4256 ΙΙΙ.

125 4304 176 4386 18,
201 4303 257 4383 19;
281 4321 355 4387 ergo
379 4303 455 4386 quia
476 4308 570 4387 poeta
591 4321 632 4366 ne
655 4321 789 4368 munera
813 4301 942 4386 quidem
966 4301 1117 4366 eontinue
1137 4298 1291 4382 Cynthiae
