3074 4788
757 331 975 392 -38„

285 511 406 575 Callino
433 507 623 573 Thebaidem
651 508 791 572 Homero
820 507 1007 572 attribuisse.
1054 507 1116 570 Sed
1143 525 1202 569 nec
1226 501 1383 568 Callinum
1413 505 1460 568 ita

283 619 441 682 iudicasse
473 635 602 700 prorsus
631 620 754 679 certum
782 619 843 695 est,
876 633 936 678 nec
968 614 1052 697 apud
1080 611 1282 696 Propertium
1311 611 1458 675 eiusdem
1521 639 1522 642 ¹

284 725 460 789 sententiae
492 722 596 787 ullum
628 723 800 805 vestigium
833 720 1087 805 deprehenditur.
1137 719 1219 783 Nam
1248 721 1276 783 si
1303 717 1460 782 Ponticus
1521 705 1522 730 i

285 833 433 896 laudatur
467 829 551 915 quod
580 828 749 893 contendat
775 831 877 912 primo
905 828 1045 892 Homero
1074 829 1143 890 sine
1171 826 1268 890 dubio
1296 825 1460 889 contendit
1521 881 1522 902 ,

285 959 359 1002 cum
379 939 521 1023 principe
540 938 646 1020 epicae
664 938 769 1020 poesis
788 955 853 1000 non
873 954 948 999 cum
968 941 1096 998 auctore
1115 935 1264 998 carminis
1287 933 1326 996 de
1345 931 1459 996 eadem

285 1065 320 1110 re
345 1047 452 1128 scripti
474 1064 539 1107 non
563 1045 688 1108 servati.
721 1043 844 1108 Deinde
866 1045 899 1106 in
923 1061 1019 1106 versu
1043 1041 1084 1104 ΙΙ.
1110 1042 1137 1103 1.
1158 1042 1198 1103 21

443 1178 518 1233 ‘non
541 1175 664 1234 veteres
685 1168 809 1233 Thebas
832 1189 891 1233 nec
915 1168 1069 1251 Pergama
1092 1183 1209 1230 nornen
1231 1161 1373 1228 Homeri’

283 1297 380 1364 verba
402 1299 528 1359 ‘nomen
551 1293 693 1358 Homeri’
717 1315 782 1358 non
806 1298 943 1378 possunt
961 1293 1000 1356 ad
1018 1292 1106 1355 aliud
1129 1289 1323 1353 vocabulum
1346 1288 1459 1352 referri

283 1411 405 1488 praeter
428 1402 595 1486 Pergama
620 1421 695 1486 ergo
719 1403 753 1465 in
780 1402 842 1466 hoc
869 1421 967 1466 versu
989 1405 1081 1484 poeta
1108 1403 1191 1462 certe
1218 1396 1312 1481 plane
1336 1395 1459 1459 oblitus

284 1517 332 1576 est
353 1511 531 1576 Homerum
554 1507 711 1572 Thebaida
734 1527 863 1592 quoque
887 1509 1043 1592 scripsise.
1081 1505 1173 1570 Bassi
1198 1510 1229 1568 et
1247 1503 1371 1567 Pontici
1390 1523 1460 1566 car—
1521 1495 1522 1520 ³

284 1619 371 1681 mina
394 1618 461 1680 sive
489 1617 572 1680 edita
600 1617 667 1680 sive
694 1615 815 1679 inedita
841 1613 892 1696 (cf.
916 1613 1115 1696 Bernhardyi
1137 1615 1170 1677 in
1194 1613 1251 1676 litt.
1270 1609 1360 1674 Rom.
1384 1609 1459 1673 hist

285 1725 323 1788 de
346 1725 395 1787 his
419 1724 495 1787 viris
519 1724 674 1787 iudicium
698 1728 729 1787 et
753 1721 809 1786 On.
829 1743 870 1786 ex
889 1722 923 1787 P.
944 1742 990 1805 ep.
1009 1721 1065 1784 lv.
1087 1721 1138 1802 16,
1158 1722 1212 1800 39)
1236 1719 1325 1782 brevi
1343 1717 1460 1782 merita

284 1831 443 1895 oblivione
467 1829 579 1893 obruta
603 1836 688 1893 sunt.

372 1955 613 2038 Demophoonta
637 1974 734 2038 quem
757 1954 943 2039 Propertius
966 1955 1105 2017 carmine
1128 1951 1187 2014 ΠΙ.
1208 1953 1249 2014 22
1273 1951 1461 2035 adloquitur

283 2063 424 2128 Tuscum
449 2057 518 2126 esse
543 2062 599 2144 qui
623 2059 736 2125 Ovidio
760 2067 840 2126 teste
864 2065 918 2142 (ex
941 2061 975 2124 P.
1000 2081 1046 2146 ep.
1071 2059 1127 2122 IV.
1154 2059 1204 2140 16,
1229 2060 1280 2139 20)
1308 2057 1461 2140 Phyllida

284 2172 440 2234 cecinerat
471 2167 676 2252 probabiliter
707 2166 921 2251 Kiesslingius
955 2169 1089 2232 coniecit
1120 2169 1154 2230 in
1186 2165 1294 2230 libello
1324 2167 1379 2249 qui
1408 2166 1459 2228 in-

285 2277 445 2341 scribitur:
476 2275 610 2359 Ceorgio
638 2274 858 2338 Schoemanno
886 2275 1063 2358 gratulatur
1089 2275 1164 2357 phil.
1198 2273 1274 2337 ordo
1304 2272 1459 2356 Gryphis-

283 2384 491 2448 waldensium
519 2384 612 2445 1875.

372 2490 519 2574 Sequitur
541 2487 692 2570 Lynceus
715 2508 797 2552 crux
820 2491 970 2552 carminis
993 2488 1051 2552 III.
1077 2490 1126 2551 34.
1164 2487 1222 2552 Est
1245 2493 1355 2571 poetae
1378 2489 1459 2550 arni-

285 2619 342 2662 cus
368 2598 481 2681 quiin
505 2598 699 2679 provectiore
728 2601 827 2660 aetate
855 2614 978 2659 amores
1007 2603 1063 2658 aut
1085 2597 1198 2660 vinum
1225 2613 1290 2658 non
1314 2594 1460 2678 despicit.

286 2707 342 2788 qui
369 2703 408 2766 ad
431 2703 650 2786 philosophica
678 2703 782 2766 studia
809 2702 970 2784 incubuit,
997 2705 1029 2766 in
1059 2708 1125 2771 arte
1152 2703 1274 2786 poetica
1301 2701 1374 2785 plus
1398 2704 1458 2764 uni

283 2813 391 2894 generi
420 2830 546 2894 operam
575 2809 737 2892 impendit.
783 2807 969 2873 Difficilhmi
999 2817 1075 2874 sunt
1102 2831 1153 2872 vv,
1179 2812 1317 2874 29-42.
1358 2807 1458 2873 Recte
1521 2847 1522 2864 2

285 2937 371 2988 unus
399 2917 537 3002 Scaliger
564 2916 708 2982 versibus
738 2917 777 2979 31
799 2936 844 2999 sq.
891 2916 1047 2981 Philetam
1079 2916 1200 2980 landari
1229 2915 1456 2980 Callimachum
1521 2947 1522 3002 3

284 3026 471 3109 reprehendi
499 3025 659 3090 iudicavit.
705 3023 788 3088 Nam
816 3025 956 3107 primum
983 3030 1075 3107 poeta
1099 3023 1324 3090 Callimachum
1348 3023 1457 3087 lauda·
1521 3033 1522 3114 j

287 3139 379 3198 turus
412 3134 469 3194 vix
500 3136 622 3215 poterat
647 3132 804 3214 ineptiora
832 3135 863 3194 et
889 3129 1064 3194 infirmiora
1091 3131 1186 3196 verba
1213 3132 1328 3215 eligere
1359 3151 1456 3216 quam
1521 3163 1522 3178 .

285 3258 367 3322 quae
391 3238 531 3302 continet
555 3257 667 3302 vorsus

443 3365 485 3427 ‘et
508 3381 572 3426 non
595 3361 696 3426 inflati
720 3364 843 3426 somnia
866 3361 1072 3442 Callimachi’3

286 3491 363 3554 haec
391 3490 462 3552 laus
494 3487 697 3570 frigidissima
729 3489 760 3548 et
791 3487 1015 3570 vituperationi
1043 3493 1109 3552 tam
1138 3489 1252 3552 similis
1278 3494 1326 3552 est
1359 3505 1456 3572 quam

285 3617 382 3660 ovum
407 3615 475 3660 ovo.
522 3592 596 3656 Non
619 3599 747 3675 apparet
770 3598 806 3656 ut
829 3594 888 3657 hoo
914 3614 1020 3659 unum
1049 3597 1163 3660 addam
1186 3598 1240 3660 cui
1263 3595 1359 3660 verba
1381 3597 1456 3660 ‘uon
1521 3647 1522 3660 .

284 3703 395 3767 inflati'
423 3704 637 3786 opponantur,
666 3718 732 3762 non
761 3707 888 3783 apparet
916 3721 979 3784 qua
1006 3721 1104 3766 cansa
1132 3704 1194 3768 nisi
1223 3709 1259 3767 ut
1280 3704 1458 3786 increparet

284 3809 400 3894 plurali
423 3809 538 3872 dixerit
560 3805 703 3870 ‘somnia’
727 3827 783 3890 pro
805 3807 988 3871 ‘somnium'
1013 3807 1059 3886 (cf.
1079 3809 1218 3887 v.11.4‚
1240 3809 1300 3891 16).
1334 3807 1457 3874 Deinde

286 3917 353 3980 sola
379 3916 529 3999 scaligeri
555 3915 811 3997 interpretatione
841 3934 877 3978 ea
901 3933 983 3998 quae
1012 3921 1162 3980 securiter
1183 3917 1338 4001 particula
1360 3917 1456 3980 ‘nam'

285 4023 403 4087 causali
418 4023 541 4086 adnexa
555 4021 791 4105 intelleguntur.
820 4022 1019 4106 Hertnbergii
1033 4024 1284 4107 interpretationi
1298 4024 1457 4108 refragan-

285 4137 338 4194 tur
351 4130 524 4213 particulae
537 4127 632 4192 ‘nam’
647 4135 679 4193 et
693 4129 798 4208 ‘licet’3
817 4129 909 4194 ‘licet'
924 4150 1091 4214 nunquam
1108 4130 1312 4213 desiderium,
1330 4149 1458 4214 semper

284 4239 526 4321 permissionem
556 4239 602 4317 (in
629 4256 658 4298 v.
682 4235 706 4298 Ι.
731 4238 760 4318 8,
785 4237 826 4300 29
850 4237 1041 4318 irrisionem)
1066 4240 1292 4322 complectitur.
1331 4239 1457 4304 Versus

286 4346 415 4409 33-38
439 4351 545 4428 aperte
572 4363 684 4408 musas
706 4363 811 4406 rernm
842 4345 1004 4408 continent
1022 4365 1063 4409 ex
1083 4345 1265 4410 Callimachi
1283 4345 1457 4410 Acriis-de-
