3074 4788
732 285 950 347 ..10-

338 463 400 527 Per
418 468 522 526 totum
546 461 687 526 medium
708 481 823 526 aevum
842 461 932 526 nulln
951 462 1108 547 Propertii
1126 465 1246 528 mentio
1264 466 1421 548 reperitur

250 590 356 654 usque
379 571 419 634 ad
438 569 602 634 Petreroae
621 574 762 636 aetatem.
800 572 831 634 A
849 570 997 634 Petraroa
1019 569 1158 636 tenebris
1178 577 1305 655 ereptus
1328 576 1421 655 poeta
1532 569 1533 576 '

250 698 333 743 anno
358 678 443 742 1472
468 676 611 742 Venetiis
634 677 719 761 typis
742 695 915 761 expressus
937 682 970 742 et
991 675 1109 760 publici
1133 677 1213 742 iuris
1237 677 1340 742 faetus
1363 684 1420 742 est.

251 785 370 850 Multae
401 785 476 849 inde
508 785 664 849 editiones
696 789 823 850 secutae
855 789 940 849 sunt
994 783 1112 848 Nostro
1150 791 1256 848 tamen
1293 785 1420 849 saeculo

249 892 474 958 Lachmannus
496 891 620 973 primus
647 896 679 955 et
705 892 828 956 critices
856 890 949 956 firma
977 889 1120 956 subsidia
1147 893 1362 977 suppeditavit
1389 898 1421 956 et

251 1004 408 1084 quantum
441 998 479 1062 ad
512 999 610 1062 vitam
634 998 789 1082 Propertii
812 998 1064 1082 cognoscendam
1087 999 1189 1082 ipsius
1219 999 1420 1082 aliorumque

250 1107 439 1172 testimoniis
463 1105 614 1170 acerrime
637 1106 783 1170 excussis
806 1104 916 1188 profici
938 1123 1031 1188 posse
1050 1103 1218 1170 videbatur
1235 1105 1369 1190 profecit
1387 1106 1419 1170 in

251 1215 387 1278 editione
410 1213 566 1297 Propertii
591 1232 673 1296 quae
696 1232 779 1276 anno
809 1218 900 1276 sexto
929 1211 1050 1276 decimo
1079 1213 1179 1278 nostri
1207 1213 1327 1280 saeculi
1348 1211 1420 1297 Lip

251 1322 316 1385 siae
349 1320 479 1405 prodiit,
512 1321 606 1384 cuius
637 1321 771 1405 vestigia
803 1337 915 1385 omnes
947 1318 1013 1383 fere
1046 1320 1196 1402 editores,
1224 1325 1260 1384 ut
1288 1319 1421 1384 Garuttii

251 1447 353 1511 nugas
383 1427 563 1512 neglegam,
590 1433 781 1512 presserunt.
832 1427 894 1491 His
922 1427 1103 1509 praemissis
1134 1428 1237 1511 ipsam
1264 1427 1421 1511 Propertii
1534 1476 1535 1500 2

250 1535 348 1598 vitam
371 1535 601 1599 retractandam
625 1536 854 1620 adgrediamur.

339 1641 449 1706 Unum
472 1642 628 1726 Propertii
655 1661 773 1708 nomen
800 1641 872 1704 libri
900 1642 1109 1726 manuscripti
1137 1641 1362 1726 Groninganus
1390 1646 1422 1706 et

250 1747 480 1831 Neapolitanus
509 1747 675 1833 praebent,
702 1769 768 1832 quo
797 1749 866 1813 solo
894 1747 1025 1812 nomine
1052 1753 1144 1832 poeta
1170 1749 1239 1833 ipse
1266 1753 1422 1813 sevocat

250 1856 284 1917 in
307 1875 358 1922 vv.
382 1855 424 1920 II.
440 1860 469 1938 8,
486 1857 535 1918 17.
562 1855 621 1919 1112
640 1837 697 1938 tt,
717 1857 767 1919 35.
797 1857 849 1938 34,
869 1857 918 1919 93.
946 1855 1001 1918 IV.
1024 1857 1053 1936 3,
1069 1855 1118 1918 li.
1145 1856 1194 1937 lo,
1211 1857 1260 1918 15.
1283 1854 1418 1938 V.1,tl.
1535 1933 1536 1954 ¹

252 1963 341 2044 l,·49.
387 1962 515 2046 Reliqui
543 1968 649 2027 tamen
676 1962 748 2026 libri
776 1963 985 2047 manuscripti
1012 1962 1176 2027 deterioris
1203 1969 1296 2028 notae
1323 1963 1420 2047 pluri·
1535 1966 1536 2034 ζ

250 2070 295 2131 mi
323 2088 398 2132 curn
430 2069 622 2134 editionibus
649 2070 878 2135 vetustioribus
910 2069 1059 2134 omnibus
1090 2071 1152 2133 tria
1182 2068 1312 2151 habent,
1346 2089 1420 2153 poe-

249 2181 314 2238 tam
347 2176 397 2240 vel
428 2175 565 2242 Sextum
598 2176 768 2241 Aurelium
800 2175 1001 2261 Propertium
1038 2179 1168 2258 vocant,
1200 2177 1252 2240 vel
1285 2176 1420 2241 Sextum

250 2281 452 2366 Propertium
480 2283 648 2348 Aurelium
677 2284 729 2347 vel
756 2283 956 2367 Propertium
984 2283 1165 2352 Aurelium.
1209 2283 1420 2357 Praenomine

250 2389 385 2453 Sextum
412 2395 536 2474 poetam
563 2388 708 2454 Donatus
737 2409 865 2474 quoque
889 2390 923 2453 in
946 2391 1012 2454 vita
1040 2389 1173 2472 Vergilii
1206 2390 1304 2472 (Reiff.
1333 2391 1419 2456 Suet.

249 2517 278 2580 p.
312 2497 367 2581 61)
404 2496 547 2580 appellet
607 2497 732 2562 Aurelii
768 2503 875 2561 tamen
916 2515 1033 2561 nomen
1069 2502 1178 2580 poetae
1214 2498 1420 2562 adimendum

249 2621 319 2668 esse
345 2603 469 2686 primus
495 2603 658 2687 Hauptius
685 2603 766 2668 vidit
794 2602 952 2684 (Berichte
985 2603 1040 2667 der
1072 2604 1175 2668 stichs.
1211 2603 1419 2669 Gesellschalt

252 2709 346 2772 1849.
370 2730 398 2793 p.
424 2711 487 2774 260
512 2713 601 2794 sqq.).
648 2710 770 2776 Verum
803 2709 862 2774 sibi
889 2712 1011 2776 invitus
1043 2711 1201 2794 praedixit
1232 2710 1417 2794 Propertius

249 2835 280 2879 v.
303 2815 359 2880 IV.
386 2817 413 2899 1,
438 2819 493 2880 24:

461 2925 575 2990 ‘maius
599 2923 638 2989 ab
662 2923 810 3008 exequiis
833 2941 952 2990 nornen
975 2925 1009 2988 in
1032 2943 1087 2988 ora
1109 2924 1215 2989 venit’.

250 3031 347 3096 Poeta
384 3038 440 3097 aut
477 3032 541 3096 duo
580 3033 710 3096 nonina
741 3032 902 3116 gentilicia
939 3031 1102 3096 habuisset
1138 3037 1193 3096 eut
1229 3032 1327 3096 altero
1363 3051 1419 3116 pro

250 3139 442 3220 cognomine
468 3159 549 3203 usus
577 3146 669 3221 esset,
697 3144 850 3203 neutrum
878 3139 1026 3204 credibile
1049 3144 1105 3204 est.
1152 3139 1225 3207 Una
1246 3139 1420 3222 inscriptio,

250 3251 287 3308 ut
318 3250 442 3329 apertas
473 3245 601 3311 fraudes
633 3247 807 3331 neglegam,
841 3266 881 3311 ne
913 3247 983 3330 ipsa
1016 3247 1145 3330 quidem
1174 3251 1265 3311 extra
1292 3265 1419 3309 omnem

251 3351 479 3417 dubitationem
502 3354 614 3436 posita,
637 3353 803 3438 coniungit
825 3354 987 3418 ‘Aurelius
1011 3351 1215 3438 Propertius'.
1257 3352 1419 3436 Originum

249 3460 390 3524 nominis
408 3459 535 3524 Aurelii
557 3461 592 3522 in
615 3462 715 3524 nostri
736 3467 847 3544 poetae
867 3461 1070 3544 Aureliisque
1093 3461 1259 3526 Prudentii
1282 3460 1420 3524 nemini-

249 3567 310 3631 bus
330 3567 471 3632 confusis
489 3565 654 3651 Hauptius
672 3569 834 3633 invenisse
853 3568 913 3633 sibi
932 3569 1023 3632 visus
1041 3575 1090 3632 est
1108 3567 1158 3649 (cf.
1177 3588 1225 3652 op.
1244 3567 1269 3630 I.
1289 3588 1317 3651 p.
1334 3567 1419 3646 286).

250 3673 334 3758 llrgo
358 3673 476 3738 Sextus
499 3674 681 3758 Propertius
704 3681 797 3759 poeta
819 3675 998 3740 vocabatur.
1035 3673 1162 3738 Nomen
1180 3673 1336 3758 Propertii
1354 3693 1419 3771 non

249 3800 320 3844 raro
352 3782 488 3846 occurrit
519 3783 553 3844 in
585 3782 848 3865 inscriptionibus
882 3801 1019 3866 quarum
1051 3781 1213 3866 Hauptius
1235 3782 1419 3844 ¹maximam

250 3893 371 3971 partem
390 3888 526 3973 conlegit
545 3892 606 3972 (op.
626 3889 649 3951 I.
671 3890 731 3953 281
747 3892 843 3973 sqq),
868 3890 1024 3973 plurimae
1044 3889 1143 3954 Asisii
1162 3893 1238 3952 sunt
1260 3889 1417 3952 inventae.

249 3995 416 4060 Accedunt
443 3995 615 4060 nonnullae
642 3997 864 4080 inscriptiones
887 3998 921 4059 in
951 3995 1018 4060 CIL
1041 3995 1115 4073 (vol.
1146 3994 1182 4057 V.
1205 3993 1264 4058 IX.
1288 3994 1342 4074 X.)
1370 4015 1419 4059 re·

250 4107 364 4186 ceptae.
398 4101 491 4166 Multi
500 4102 655 4186 Propertii
674 4109 750 4168 sunt
763 4103 869 4168 liberti
884 4105 941 4188 qui
959 4103 1148 4186 cognomine
1167 4108 1223 4166 aut
1241 4107 1349 4166 carent
1363 4108 1419 4166 aut

251 4209 370 4274 Graeco
398 4215 542 4276 utuntur.
588 4210 705 4275 Paucis
728 4209 902 4294 Propertiis
925 4210 1085 4276 Fortunae
1112 4210 1217 4294 ampla
1240 4209 1323 4274 dona
1345 4229 1418 4274 con-

249 4318 395 4402 tigerunt.
424 4319 555 4382 Servius
575 4317 630 4381 ubi
649 4317 687 4381 de
705 4317 787 4381 lucis
804 4316 937 4401 Capenis
956 4317 1100 4400 loquitur
1119 4317 1157 4380 ad
1173 4337 1202 4378 v.
1213 4320 1293 4382 Aen.
1314 4318 1343 4400 7,
1354 4317 1416 4382 697
