3074 4788
705 199 901 288 ..8⁸-

128 417 132 424 '
217 407 350 469 carmini
373 405 561 470 duodecimo
583 405 780 469 inseruisset.
827 404 925 468 Suam
953 409 1074 467 amator
1096 402 1259 467 libidinem
1283 404 1385 487 maps

221 533 318 596 quam
346 512 471 597 puellae
498 511 767 596 pulchritudinem
792 516 925 595 spectat3
954 531 1005 574 11.
1031 513 1050 574 3
1074 516 1105 575 et
1130 511 1147 572 7
1171 511 1232 594 ipsi
1254 511 1386 574 fortasse

217 620 424 702 gravissimos
447 639 488 683 ex
507 618 670 702 Propertio
694 611 758 683 11111
783 618 968 703 desumpsit.
1005 617 1153 682 Fortasse
1171 618 1272 702 magis
1291 618 1385 681 etiam

103 801 105 808 ¹
218 726 401 809 loquacitati
417 729 502 790 'suae
525 726 713 790 indulsisset
734 726 867 790 Paullus
885 725 1087 810 Propertium
1112 729 1250 788 secutus.
1288 723 1386 788 Plane

219 835 306 897 enim
332 835 488 897 contraria
510 833 698 897 1111111111
720 835 860 896 carmina
883 825 988 897 Paulli
1010 832 1075 895 VH
1094 837 1126 896 et
1142 830 1299 915 Propertii
1321 830 1346 894 Ι.
1367 833 1385 894 3

219 940 394 1005 intercedit.
422 940 474 1002 Ex
494 945 644 1024 quattuor
658 941 843 1023 quinqueve
857 939 1013 1024 Propertii
1032 939 1175 1004 distichis
1189 959 1240 1001 11.
1257 939 1385 1002 15-22

220 1048 336 1112 11124
366 1048 525 1131 duplicem
556 1047 611 1112 ille
641 1066 813 1110 numerum
846 1047 986 1112 effecisse
1012 1047 1152 1132 fingitur.
1206 1044 1387 1110 Similitudo

220 1155 376 1238 quaedam
406 1156 441 1218 in
477 1157 588 1218 insano
621 1155 736 1218 amoris
769 1156 879 1220 ardore
911 1156 1000 1220 velut
1032 1174 1049 1219 e
1082 1153 1188 1218 tabula
1219 1152 1302 1236 pieta
1335 1151 1387 1216 de·

220 1267 348 1346 sumpto
364 1261 619 1346 deprehenditur.
642 1261 796 1326 Eiusdem
811 1267 918 1326 11111111
933 1263 1020 1326 modi
1030 1263 1147 1327 amoris
1161 1259 1387 1344 descriptiones

221 1370 302 1433 miro
328 1368 420 1432 modo
444 1370 528 1432 inter
546 1387 581 1432 se
600 1369 721 1434 similes
741 1375 789 1434 sat
806 1370 923 1434 multas
942 1369 1106 1434 Iacobsius
1125 1368 1163 1432 ad
1182 1368 1243 1431 hoc
1261 1385 1387 1430 1111111111

220 1475 356 1539 contulit
383 1476 477 1557 (anth.
506 1474 565 1539 XI.
589 1496 618 1559 p.
645 1476 729 1557 126).
774 1475 934 1542 Simillimi
965 1482 1040 1541 sunt
1067 1476 1129 1540 loci
1150 1474 1316 1540 Themistii
1344 1493 1387 1536 or.

219 1581 328 1645 XXII.
350 1583 422 1664 272,
441 1582 588 1667 Xenoph.
608 1582 686 1667 Eph.
705 1583 731 1651 Ι.
753 1588 781 1646 9.
801 1604 829 1667 p.
851 1583 901 1665 16,
919 1583 1058 1648 Lucretii
1077 1603 1127 1645 vv.
1146 1582 1202 1645 IV.
1223 1581 1308 1644 1163
1319 1601 1387 1664 sqq.

220 1689 387 1753 Simillima
419 1691 513 1754 1111111
546 1691 768 1755 Aristaenetus
801 1692 836 1754 111
868 1691 1004 1774 epistula
1035 1690 1060 1753 Ι.
1088 1689 1127 1753 16
1155 1688 1296 1773 praebet:
1331 1709 1388 1748 τοι·

137 1857 138 1862 *
219 1798 335 1876 γαροῦν
367 1799 615 1878 ἐκβακχευθεῐσα
648 1799 688 1872 τῷ
716 1795 804 1878 ἔρωτι
836 1798 990 1858 ἀνέκλασὲ
1022 1820 1051 1858 τε
1086 1795 1159 1878 πρὸς
1191 1793 1305 1870 ἑαυτὴν
1336 1792 1390 1854 τὸν

220 1904 338 1982 αὐχένα
366 1903 421 1964 καὶ
454 1906 618 1982 πεφίληκεν
641 1903 719 1965 οὕτω
748 1907 908 1985 προςφῦσα
935 1908 1074 1985 μανικῶς
1102 1903 1177 1964 ὥστε
1203 1901 1291 1984 μόλις
1314 1902 1389 1962 ἀπο-

220 2009 342 2071 σπάσαι
371 2008 409 2070 ad
433 2012 536 2094 χείλη,
563 2031 726 2095 compares
753 2010 847 2095 Prop.
875 2012 913 2076 el.
941 2012 966 2075 I.
997 2014 1046 2094 13,
1077 2012 1188 2094 l9sq.:

378 2117 460 2182 ‘Non
484 2138 542 2203 ego
567 2119 754 2203 complexus
777 2121 868 2203 potui
892 2119 1039 2184 diducere
1062 2124 1193 2200 vestros,

433 2231 540 2290 tantus
568 2232 635 2290 erat
663 2226 793 2291 demens
824 2228 907 2291 inter
931 2233 1083 2310 utrosque
1105 2224 1211 2290 furor?

220 2333 309 2398 Haec
354 2335 500 2419 proxime
545 2334 629 2397 inter
670 2354 703 2399 se
749 2333 874 2397 absunt
943 2333 1011 2398 Iam
1052 2353 1127 2398 1111
1168 2333 1388 2396 Aristaenetus

221 2462 318 2524 quam
341 2441 506 2520 multaex
528 2441 758 2505 Alexandrinis
781 2441 922 2505 hauserit
944 2438 1104 2506 Diltheius
1126 2443 1160 2504 in
1183 2439 1262 2503 libro
1291 2457 1387 2522 quem

221 2550 346 2632 scripsit
379 2550 417 2613 de
446 2548 628 2612 Callimachi
656 2547 798 2632 Cydippe
824 2548 996 2613 illustravit
1022 2569 1050 2632 p.
1081 2548 1121 2610 27
1134 2567 1201 2631 sqq.
1251 2547 1285 2612 si
1312 2546 1387 2611 Pro·

220 2657 341 2739 partius
361 2655 539 2720 Silentiario
564 2660 635 2719 ante
659 2656 768 2719 oculos
790 2655 911 2738 fuisset,
934 2675 1000 2719 non
1023 2657 1163 2738 ineptam
1181 2655 1235 2718 ille
1253 2654 1389 2718 Achillis

221 2769 252 2827 et
269 2761 412 2828 Phoebes
432 2749 851 2845 comparationem‘carmini
869 2764 1057 2826 inseruisset
1076 2761 1131 2826 sed
1150 2767 1186 2826 ut
1203 2761 1387 2846 Propertius

219 2870 325 2953 ipsum
348 2870 490 2934 ardorem
514 2871 640 2935 heroico
664 2869 771 2952 aliquo
794 2869 944 2952 amplexu
968 2871 1082 2934 erotica
1105 2869 1303 2934 illustrasset.
1341 2870 1388 2934 Si-

220 2976 324 3039 milior
349 2977 411 3040 fuit
437 2977 586 3041 Herculis
615 2982 646 3042 et
669 2975 838 3059 Omphales
867 2995 969 3057 arnor,
996 2976 1033 3039 cf.
1057 2976 1149 3060 Prop.
1180 2997 1231 3038 vv.
1253 2975 1311 3040 IV.
1338 2977 1387 3057 11,

223 3082 261 3144 17
274 3103 341 3166 sqq.
361 3082 399 3144 V.
411 3085 441 3166 9,
459 3085 500 3146 47
512 3105 580 3167 sqq.
608 3084 731 3148 Versus
750 3102 857 3147 nonus
875 3081 980 3146 Paulli
998 3103 1071 3147 cum
1092 3084 1254 3168 Apollonii
1271 3082 1388 3146 Rhodii

219 3210 248 3251 1.
273 3191 347 3273 Arg.
371 3190 430 3253 III.
456 3192 520 3254 874
550 3192 711 3275 congruit,
737 3191 870 3254 fortasse
898 3210 982 3254 casu.
1032 3189 1145 3256 Nudae
1173 3196 1278 3255 tamon
1307 3209 1388 3274 quae

221 3299 367 3380 sequitur
399 3299 578 3382 repetitioni
611 3298 741 3361 meliora
774 3296 968 3361 substituere
999 3300 1155 3381 potuisset
1185 3298 1386 3382 Propertium

221 3408 359 3468 secutus.
409 3404 477 3468 Iam
507 3424 591 3468 nova
620 3406 811 3489 comparatio
840 3423 857 3468 e
884 3407 999 3468 natura
1027 3407 1150 3488 petitur.
1201 3405 1388 3473 Plantarum

221 3513 336 3576 amoris
373 3511 412 3574 ab
449 3511 676 3576 Alexandrinis
712 3513 745 3573 in
782 3517 886 3595 partes
921 3512 1026 3575 vocati
1063 3513 1219 3594 quaedam
1257 3513 1389 3596 vestigia

220 3620 440 3683 Aristaenetus
460 3619 599 3683 serravit
617 3620 651 3681 in
670 3618 805 3702 epistula
823 3618 847 3681 l.
865 3620 904 3682 10
924 3638 965 3684 ex
980 3618 1171 3683 Callimacho
1192 3621 1387 3702 transcripta.

219 3727 305 3792 Dicit
332 3727 504 3790 Acontius:
534 3727 599 3786 ἀλλ’
631 3718 654 3785 ὦ
677 3727 811 3803 φίλτατα
840 3723 947 3806 δένδρα
976 3731 1036 3786 τῶν
1066 3725 1232 3804 ἡδυφώνων
1255 3727 1389 3806 ὀρνίθων

220 3841 250 3895 οἱ
278 3836 393 3904 θῶκοι,
426 3824 489 3914 ἆρα
525 3834 587 3893 κάν
621 3832 693 3914 ὑμῖν
721 3837 803 3893 ἐστιν
832 3825 919 3899 οὗτος
943 3833 959 3892 ὁ
982 3832 1055 3915 iprae
1082 3832 1137 3894 καὶ
1165 3835 1270 3900 πίτυος
1297 3829 1390 3911 τυχὸν

220 3939 343 4019 spelaea
375 3938 559 4021 κυπάριττος
592 3938 613 4014 ἥ
644 3937 717 4000 ἄλλο
746 3937 844 4016 φυτὸν
874 3943 979 4021 ἑτέρου.
1002 3944 1117 4019 murcia
1148 3938 1197 4021 μὰ
1226 3942 1300 4022 Δία,
1332 3939 1389 4000 οὐκ

139 4084 141 4090 .
220 4047 309 4130 οἶμαι
334 4054 391 4113 eto.
437 4047 622 4132 Propertius
651 4067 717 4112 uno
745 4047 813 4110 loco
837 4047 975 4111 eundem
1003 4048 1138 4112 colorem
1162 4048 1257 4114 habet
1278 4049 1313 4112 in
1336 4068 1387 4110 vv.

85 4232 89 4258 Ι
220 4156 244 4219 1.
271 4157 321 4239 18,
346 4157 456 4238 191111

308 4263 376 4328 Vos
399 4263 485 4327 eritis
505 4267 611 4343 testes,
630 4261 657 4324 si
681 4280 763 4342 quos
781 4260 875 4326 habet
893 4261 984 4326 arbor
1002 4281 1126 4326 amores
