<?xml version="1.0" encoding="UTF-8"?>
<!DOCTYPE html PUBLIC "-//W3C//DTD XHTML 1.0 Transitional//EN"
    "http://www.w3.org/TR/xhtml1/DTD/xhtml1-transitional.dtd">
<html xmlns="http://www.w3.org/1999/xhtml" xml:lang="en" lang="en">
 <head>
  <title>
</title>
<meta http-equiv="Content-Type" content="text/html;charset=utf-8" />
  <meta name='ocr-system' content='tesseract 3.04.00' />
  <meta name='ocr-capabilities' content='ocr_page ocr_carea ocr_par ocr_line ocrx_word'/>
</head>
<body>
  <div class='ocr_page' id='page_1' title='image "./depropertiivita00marxgoog_0041.png"; bbox 0 0 3074 4788; ppageno 0'>
   <div class='ocr_carea' id='block_1_1' title="bbox 768 289 989 356">
    <p class='ocr_par' dir='ltr' id='par_1_1' title="bbox 768 289 989 356">
     <span class='ocr_line' id='line_1_1' title="bbox 768 289 989 356; baseline 0 -18"><span class='ocrx_word' id='word_1_1' title='bbox 768 289 989 356; x_wconf 73' lang='grc'><strong>-36-</strong></span> 
     </span>
    </p>
   </div>
   <div class='ocr_carea' id='block_1_2' title="bbox 273 469 1523 4412">
    <p class='ocr_par' dir='ltr' id='par_1_2' title="bbox 273 469 1523 4412">
     <span class='ocr_line' id='line_1_2' title="bbox 293 469 1466 554; baseline 0.002 -22"><span class='ocrx_word' id='word_1_2' title='bbox 293 469 417 552; x_wconf 88' lang='lat' dir='ltr'><strong>puellae</strong></span> <span class='ocrx_word' id='word_1_3' title='bbox 449 475 579 533; x_wconf 85' lang='lat' dir='ltr'><strong>strenuo</strong></span> <span class='ocrx_word' id='word_1_4' title='bbox 612 488 721 532; x_wconf 87' lang='lat' dir='ltr'><strong>amore</strong></span> <span class='ocrx_word' id='word_1_5' title='bbox 753 470 921 534; x_wconf 82' lang='lat' dir='ltr'><strong>devinctus</strong></span> <span class='ocrx_word' id='word_1_6' title='bbox 952 491 1004 536; x_wconf 83' lang='lat' dir='ltr'><strong>vr.</strong></span> <span class='ocrx_word' id='word_1_7' title='bbox 1029 471 1080 550; x_wconf 86' lang='grc'>10,</span> <span class='ocrx_word' id='word_1_8' title='bbox 1109 471 1230 550; x_wconf 88' lang='lat' dir='ltr'>1-1o;</span> <span class='ocrx_word' id='word_1_9' title='bbox 1267 473 1316 552; x_wconf 88' lang='lat'><strong>13,</strong></span> <span class='ocrx_word' id='word_1_10' title='bbox 1341 472 1358 532; x_wconf 97' lang='grc'>7</span> <span class='ocrx_word' id='word_1_11' title='bbox 1384 490 1466 554; x_wconf 88' lang='lat' dir='ltr'><strong>sqq,</strong></span> 
     </span>
     <span class='ocr_line' id='line_1_3' title="bbox 295 577 1465 662; baseline -0.001 -21"><span class='ocrx_word' id='word_1_12' title='bbox 295 596 490 660; x_wconf 89' lang='lat' dir='ltr'><strong>quamquam</strong></span> <span class='ocrx_word' id='word_1_13' title='bbox 524 582 635 659; x_wconf 84' lang='lat' dir='ltr'><strong>postea</strong></span> <span class='ocrx_word' id='word_1_14' title='bbox 667 596 708 640; x_wconf 91' lang='lat' dir='ltr'><strong>ne</strong></span> <span class='ocrx_word' id='word_1_15' title='bbox 731 578 818 640; x_wconf 88' lang='lat' dir='ltr'><strong>hunc</strong></span> <span class='ocrx_word' id='word_1_16' title='bbox 851 579 981 660; x_wconf 88' lang='lat' dir='ltr'><strong>quidem</strong></span> <span class='ocrx_word' id='word_1_17' title='bbox 1014 597 1153 642; x_wconf 86' lang='lat' dir='ltr'><strong>amorem</strong></span> <span class='ocrx_word' id='word_1_18' title='bbox 1181 577 1324 642; x_wconf 87' lang='lat' dir='ltr'><strong>confiteri</strong></span> <span class='ocrx_word' id='word_1_19' title='bbox 1352 597 1465 662; x_wconf 88' lang='lat' dir='ltr'><strong>super-</strong></span> 
     </span>
     <span class='ocr_line' id='line_1_4' title="bbox 292 683 1464 769; baseline 0.002 -23"><span class='ocrx_word' id='word_1_20' title='bbox 292 683 362 746; x_wconf 92' lang='lat' dir='ltr'><strong>bior</strong></span> <span class='ocrx_word' id='word_1_21' title='bbox 380 684 477 747; x_wconf 87' lang='lat' dir='ltr'><strong>audet</strong></span> <span class='ocrx_word' id='word_1_22' title='bbox 494 703 545 745; x_wconf 81' lang='lat' dir='ltr'><strong>vv.</strong></span> <span class='ocrx_word' id='word_1_23' title='bbox 568 684 618 764; x_wconf 91' lang='lat'><strong>13,</strong></span> <span class='ocrx_word' id='word_1_24' title='bbox 639 685 679 747; x_wconf 89' lang='grc'><strong>13</strong></span> <span class='ocrx_word' id='word_1_25' title='bbox 703 705 764 768; x_wconf 91' lang='lat' dir='ltr'><strong>sq.;</strong></span> <span class='ocrx_word' id='word_1_26' title='bbox 786 686 874 749; x_wconf 88' lang='lat' dir='ltr'><strong>idem</strong></span> <span class='ocrx_word' id='word_1_27' title='bbox 893 687 978 748; x_wconf 90' lang='lat' dir='ltr'><strong>enim</strong></span> <span class='ocrx_word' id='word_1_28' title='bbox 1003 704 1044 748; x_wconf 89' lang='lat' dir='ltr'><strong>ne</strong></span> <span class='ocrx_word' id='word_1_29' title='bbox 1061 704 1178 768; x_wconf 87' lang='lat' dir='ltr'><strong>pueros</strong></span> <span class='ocrx_word' id='word_1_30' title='bbox 1202 686 1332 768; x_wconf 91' lang='lat' dir='ltr'><strong>quidem</strong></span> <span class='ocrx_word' id='word_1_31' title='bbox 1354 704 1464 769; x_wconf 86' lang='lat' dir='ltr'><strong>asper-</strong></span> 
     </span>
     <span class='ocr_line' id='line_1_5' title="bbox 292 789 1465 877; baseline 0.003 -23"><span class='ocrx_word' id='word_1_32' title='bbox 292 796 396 870; x_wconf 83' lang='lat' dir='ltr'><strong>natur,</strong></span> <span class='ocrx_word' id='word_1_33' title='bbox 418 795 474 854; x_wconf 91' lang='lat' dir='ltr'><strong>aut</strong></span> <span class='ocrx_word' id='word_1_34' title='bbox 495 789 579 873; x_wconf 82' lang='lat' dir='ltr'><strong>fugit</strong></span> <span class='ocrx_word' id='word_1_35' title='bbox 604 797 685 854; x_wconf 88' lang='lat' dir='ltr'><strong>teste</strong></span> <span class='ocrx_word' id='word_1_36' title='bbox 708 794 849 856; x_wconf 76' lang='lat' dir='ltr'>carmine</span> <span class='ocrx_word' id='word_1_37' title='bbox 872 793 924 855; x_wconf 86' lang='grc'><strong>20.</strong></span> <span class='ocrx_word' id='word_1_38' title='bbox 968 792 1044 856; x_wconf 80' lang='lat' dir='ltr'><strong>Non</strong></span> <span class='ocrx_word' id='word_1_39' title='bbox 1066 794 1120 857; x_wconf 89' lang='lat' dir='ltr'><strong>bic</strong></span> <span class='ocrx_word' id='word_1_40' title='bbox 1142 801 1190 858; x_wconf 86' lang='lat' dir='ltr'><strong>est</strong></span> <span class='ocrx_word' id='word_1_41' title='bbox 1212 793 1368 877; x_wconf 78' lang='lat' dir='ltr'><strong>Propertii</strong></span> <span class='ocrx_word' id='word_1_42' title='bbox 1390 813 1465 877; x_wconf 92' lang='lat' dir='ltr'><strong>pro-</strong></span> 
     </span>
     <span class='ocr_line' id='line_1_6' title="bbox 291 897 1465 981; baseline 0.003 -21"><span class='ocrx_word' id='word_1_43' title='bbox 291 900 435 981; x_wconf 90' lang='lat' dir='ltr'><strong>pinquus</strong></span> <span class='ocrx_word' id='word_1_44' title='bbox 458 897 497 960; x_wconf 91' lang='lat' dir='ltr'><strong>de</strong></span> <span class='ocrx_word' id='word_1_45' title='bbox 521 916 585 980; x_wconf 90' lang='lat' dir='ltr'><strong>quo</strong></span> <span class='ocrx_word' id='word_1_46' title='bbox 608 917 713 963; x_wconf 89' lang='lat' dir='ltr'><strong>sermo</strong></span> <span class='ocrx_word' id='word_1_47' title='bbox 736 899 773 962; x_wconf 91' lang='lat' dir='ltr'><strong>fit</strong></span> <span class='ocrx_word' id='word_1_48' title='bbox 795 901 829 962; x_wconf 93' lang='lat' dir='ltr'><strong>in</strong></span> <span class='ocrx_word' id='word_1_49' title='bbox 852 898 1047 963; x_wconf 76' lang='lat' dir='ltr'><strong>carminibus</strong></span> <span class='ocrx_word' id='word_1_50' title='bbox 1070 899 1095 962; x_wconf 94' lang='lat' dir='ltr'><strong>I.</strong></span> <span class='ocrx_word' id='word_1_51' title='bbox 1119 903 1160 964; x_wconf 87' lang='grc'><strong>21</strong></span> <span class='ocrx_word' id='word_1_52' title='bbox 1185 907 1218 964; x_wconf 92' lang='lat' dir='ltr'><strong>et</strong></span> <span class='ocrx_word' id='word_1_53' title='bbox 1240 901 1291 963; x_wconf 83' lang='lat'><strong>22.</strong></span> <span class='ocrx_word' id='word_1_54' title='bbox 1324 899 1391 964; x_wconf 89' lang='lat' dir='ltr'><strong>Nec</strong></span> <span class='ocrx_word' id='word_1_55' title='bbox 1415 907 1465 964; x_wconf 91' lang='lat' dir='ltr'><strong>est</strong></span> 
     </span>
     <span class='ocr_line' id='line_1_7' title="bbox 292 1003 1464 1091; baseline 0.003 -23"><span class='ocrx_word' id='word_1_56' title='bbox 292 1003 460 1068; x_wconf 82' lang='lat' dir='ltr'><strong>Cornelius</strong></span> <span class='ocrx_word' id='word_1_57' title='bbox 479 1004 591 1069; x_wconf 84' lang='lat' dir='ltr'><strong>Gallus</strong></span> <span class='ocrx_word' id='word_1_58' title='bbox 606 1007 661 1088; x_wconf 92' lang='lat' dir='ltr'><strong>qui</strong></span> <span class='ocrx_word' id='word_1_59' title='bbox 677 1025 718 1070; x_wconf 84' lang='lat' dir='ltr'><strong>ex</strong></span> <span class='ocrx_word' id='word_1_60' title='bbox 737 1006 847 1069; x_wconf 87' lang='lat' dir='ltr'><strong>infima</strong></span> <span class='ocrx_word' id='word_1_61' title='bbox 871 1005 999 1070; x_wconf 80' lang='lat' dir='ltr'><strong>forttrna</strong></span> <span class='ocrx_word' id='word_1_62' title='bbox 1016 1008 1157 1071; x_wconf 88' lang='lat' dir='ltr'><strong>escendit</strong></span> <span class='ocrx_word' id='word_1_63' title='bbox 1175 1007 1215 1070; x_wconf 90' lang='lat' dir='ltr'><strong>ad</strong></span> <span class='ocrx_word' id='word_1_64' title='bbox 1232 1007 1464 1091; x_wconf 75' lang='lat' dir='ltr'><strong>praefecturam</strong></span> 
     </span>
     <span class='ocr_line' id='line_1_8' title="bbox 290 1111 1464 1200; baseline 0.003 -25"><span class='ocrx_word' id='word_1_65' title='bbox 290 1115 429 1196; x_wconf 76' lang='lat' dir='ltr'><strong>Aegypti</strong></span> <span class='ocrx_word' id='word_1_66' title='bbox 453 1117 532 1175; x_wconf 86' lang='lat' dir='ltr'><strong>teste</strong></span> <span class='ocrx_word' id='word_1_67' title='bbox 555 1111 707 1176; x_wconf 81' lang='lat' dir='ltr'><strong>Suetonio</strong></span> <span class='ocrx_word' id='word_1_68' title='bbox 731 1114 765 1176; x_wconf 95' lang='lat' dir='ltr'><strong>in</strong></span> <span class='ocrx_word' id='word_1_69' title='bbox 789 1112 856 1176; x_wconf 77' lang='lat' dir='ltr'><strong>Oct</strong></span> <span class='ocrx_word' id='word_1_70' title='bbox 880 1133 905 1178; x_wconf 91' lang='lat' dir='ltr'><strong>c.</strong></span> <span class='ocrx_word' id='word_1_71' title='bbox 931 1113 982 1195; x_wconf 87' lang='grc'><strong>66,</strong></span> <span class='ocrx_word' id='word_1_72' title='bbox 1005 1116 1063 1196; x_wconf 91' lang='lat' dir='ltr'><strong>qui</strong></span> <span class='ocrx_word' id='word_1_73' title='bbox 1081 1117 1188 1178; x_wconf 90' lang='lat' dir='ltr'><strong>statim</strong></span> <span class='ocrx_word' id='word_1_74' title='bbox 1206 1121 1281 1198; x_wconf 89' lang='lat' dir='ltr'><strong>post</strong></span> <span class='ocrx_word' id='word_1_75' title='bbox 1298 1133 1464 1200; x_wconf 84' lang='lat' dir='ltr'><strong>expugna—</strong></span> 
     </span>
     <span class='ocr_line' id='line_1_9' title="bbox 289 1219 1464 1306; baseline 0.004 -24"><span class='ocrx_word' id='word_1_76' title='bbox 289 1227 356 1282; x_wconf 87' lang='lat' dir='ltr'><strong>tam</strong></span> <span class='ocrx_word' id='word_1_77' title='bbox 375 1221 561 1302; x_wconf 82' lang='lat' dir='ltr'><strong>Aegyptum</strong></span> <span class='ocrx_word' id='word_1_78' title='bbox 580 1219 656 1282; x_wconf 88' lang='lat' dir='ltr'><strong>huic</strong></span> <span class='ocrx_word' id='word_1_79' title='bbox 679 1221 860 1304; x_wconf 82' lang='lat' dir='ltr'><strong>provinciae</strong></span> <span class='ocrx_word' id='word_1_80' title='bbox 883 1220 922 1283; x_wconf 89' lang='lat' dir='ltr'><strong>ab</strong></span> <span class='ocrx_word' id='word_1_81' title='bbox 941 1224 1091 1305; x_wconf 80' lang='lat' dir='ltr'><strong>Augusto</strong></span> <span class='ocrx_word' id='word_1_82' title='bbox 1113 1222 1292 1306; x_wconf 71' lang='lat' dir='ltr'><strong>praefectus</strong></span> <span class='ocrx_word' id='word_1_83' title='bbox 1309 1229 1358 1286; x_wconf 91' lang='lat' dir='ltr'><strong>est</strong></span> <span class='ocrx_word' id='word_1_84' title='bbox 1380 1227 1464 1286; x_wconf 89' lang='lat' dir='ltr'><strong>teste</strong></span> 
     </span>
     <span class='ocr_line' id='line_1_10' title="bbox 289 1324 1463 1410; baseline 0.003 -21"><span class='ocrx_word' id='word_1_85' title='bbox 289 1324 393 1389; x_wconf 89' lang='lat' dir='ltr'><strong>Dione</strong></span> <span class='ocrx_word' id='word_1_86' title='bbox 420 1345 445 1388; x_wconf 90' lang='lat' dir='ltr'><strong>c.</strong></span> <span class='ocrx_word' id='word_1_87' title='bbox 470 1327 522 1406; x_wconf 86' lang='lat'><strong>51,</strong></span> <span class='ocrx_word' id='word_1_88' title='bbox 547 1327 586 1388; x_wconf 99' lang='grc'>17</span> <span class='ocrx_word' id='word_1_89' title='bbox 611 1345 695 1390; x_wconf 88' lang='lat' dir='ltr'><strong>anno</strong></span> <span class='ocrx_word' id='word_1_90' title='bbox 720 1327 792 1406; x_wconf 85' lang='grc'><strong>724,</strong></span> <span class='ocrx_word' id='word_1_91' title='bbox 815 1329 873 1410; x_wconf 92' lang='lat' dir='ltr'><strong>qui</strong></span> <span class='ocrx_word' id='word_1_92' title='bbox 900 1328 993 1391; x_wconf 92' lang='lat' dir='ltr'><strong>annis</strong></span> <span class='ocrx_word' id='word_1_93' title='bbox 1018 1331 1082 1391; x_wconf 83' lang='grc'><strong>725</strong></span> <span class='ocrx_word' id='word_1_94' title='bbox 1105 1337 1137 1392; x_wconf 90' lang='lat' dir='ltr'><strong>et</strong></span> <span class='ocrx_word' id='word_1_95' title='bbox 1162 1329 1225 1392; x_wconf 85' lang='grc'><strong>726</strong></span> <span class='ocrx_word' id='word_1_96' title='bbox 1247 1328 1368 1393; x_wconf 89' lang='lat' dir='ltr'><strong>Romae</strong></span> <span class='ocrx_word' id='word_1_97' title='bbox 1395 1349 1463 1393; x_wconf 91' lang='lat' dir='ltr'><strong>non</strong></span> 
     </span>
     <span class='ocr_line' id='line_1_11' title="bbox 288 1431 1462 1520; baseline 0.003 -24"><span class='ocrx_word' id='word_1_98' title='bbox 288 1433 357 1498; x_wconf 81' lang='lat' dir='ltr'><strong>fnit</strong></span> <span class='ocrx_word' id='word_1_99' title='bbox 403 1431 631 1517; x_wconf 85' lang='lat' dir='ltr'><strong>Hertzbergius</strong></span> <span class='ocrx_word' id='word_1_100' title='bbox 655 1433 783 1498; x_wconf 86' lang='lat' dir='ltr'><strong>Aelium</strong></span> <span class='ocrx_word' id='word_1_101' title='bbox 807 1434 936 1500; x_wconf 82' lang='lat' dir='ltr'><strong>Gallum</strong></span> <span class='ocrx_word' id='word_1_102' title='bbox 958 1435 1124 1499; x_wconf 84' lang='lat' dir='ltr'><strong>intellexit.</strong></span> <span class='ocrx_word' id='word_1_103' title='bbox 1169 1435 1232 1500; x_wconf 89' lang='lat' dir='ltr'><strong>Sed</strong></span> <span class='ocrx_word' id='word_1_104' title='bbox 1256 1455 1338 1519; x_wconf 90' lang='lat' dir='ltr'><strong>quae</strong></span> <span class='ocrx_word' id='word_1_105' title='bbox 1365 1437 1462 1520; x_wconf 84' lang='lat' dir='ltr'><strong>volgo</strong></span> 
     </span>
     <span class='ocr_line' id='line_1_12' title="bbox 288 1539 1462 1624; baseline 0.003 -20"><span class='ocrx_word' id='word_1_106' title='bbox 288 1541 417 1604; x_wconf 82' lang='lat' dir='ltr'><strong>effertur</strong></span> <span class='ocrx_word' id='word_1_107' title='bbox 440 1539 521 1603; x_wconf 86' lang='lat' dir='ltr'><strong>Galli</strong></span> <span class='ocrx_word' id='word_1_108' title='bbox 544 1547 576 1604; x_wconf 89' lang='lat' dir='ltr'><strong>ct</strong></span> <span class='ocrx_word' id='word_1_109' title='bbox 598 1539 754 1624; x_wconf 85' lang='lat' dir='ltr'><strong>Propertii</strong></span> <span class='ocrx_word' id='word_1_110' title='bbox 776 1540 904 1607; x_wconf 85' lang='lat' dir='ltr'><strong>fervens</strong></span> <span class='ocrx_word' id='word_1_111' title='bbox 932 1543 1071 1606; x_wconf 89' lang='lat' dir='ltr'><strong>amicitia</strong></span> <span class='ocrx_word' id='word_1_112' title='bbox 1094 1543 1171 1606; x_wconf 90' lang='lat' dir='ltr'><strong>baec</strong></span> <span class='ocrx_word' id='word_1_113' title='bbox 1198 1542 1253 1606; x_wconf 90' lang='lat' dir='ltr'><strong>ubi</strong></span> <span class='ocrx_word' id='word_1_114' title='bbox 1276 1543 1462 1608; x_wconf 88' lang='lat' dir='ltr'><strong>adcuratius</strong></span> 
     </span>
     <span class='ocr_line' id='line_1_13' title="bbox 289 1648 1461 1732; baseline 0.004 -23"><span class='ocrx_word' id='word_1_115' title='bbox 289 1650 431 1710; x_wconf 91' lang='lat' dir='ltr'><strong>carmina</strong></span> <span class='ocrx_word' id='word_1_116' title='bbox 453 1648 703 1711; x_wconf 80' lang='lat' dir='ltr'><strong>consideraveris</strong></span> <span class='ocrx_word' id='word_1_117' title='bbox 726 1657 901 1714; x_wconf 80' lang='lat' dir='ltr'><strong>evanescet.</strong></span> <span class='ocrx_word' id='word_1_118' title='bbox 940 1649 1075 1714; x_wconf 82' lang='lat' dir='ltr'><strong>Carmen</strong></span> <span class='ocrx_word' id='word_1_119' title='bbox 1098 1651 1249 1732; x_wconf 88' lang='lat' dir='ltr'><strong>quintum</strong></span> <span class='ocrx_word' id='word_1_120' title='bbox 1270 1649 1461 1714; x_wconf 75' lang='lat' dir='ltr'><strong>familiarem</strong></span> 
     </span>
     <span class='ocr_line' id='line_1_14' title="bbox 288 1756 1461 1840; baseline 0.003 -22"><span class='ocrx_word' id='word_1_121' title='bbox 288 1756 449 1838; x_wconf 87' lang='lat' dir='ltr'><strong>quandam</strong></span> <span class='ocrx_word' id='word_1_122' title='bbox 472 1773 584 1818; x_wconf 91' lang='lat' dir='ltr'><strong>eorum</strong></span> <span class='ocrx_word' id='word_1_123' title='bbox 607 1757 691 1818; x_wconf 86' lang='lat' dir='ltr'><strong>inter</strong></span> <span class='ocrx_word' id='word_1_124' title='bbox 713 1775 748 1819; x_wconf 90' lang='lat' dir='ltr'><strong>se</strong></span> <span class='ocrx_word' id='word_1_125' title='bbox 771 1757 1038 1821; x_wconf 88' lang='lat' dir='ltr'><strong>consuetudinem</strong></span> <span class='ocrx_word' id='word_1_126' title='bbox 1066 1758 1179 1840; x_wconf 86' lang='lat' dir='ltr'><strong>spirat,</strong></span> <span class='ocrx_word' id='word_1_127' title='bbox 1201 1775 1267 1819; x_wconf 93' lang='lat' dir='ltr'><strong>non</strong></span> <span class='ocrx_word' id='word_1_128' title='bbox 1289 1775 1387 1840; x_wconf 83' lang='lat' dir='ltr'><strong>nego,</strong></span> <span class='ocrx_word' id='word_1_129' title='bbox 1410 1777 1461 1822; x_wconf 91' lang='lat' dir='ltr'><strong>re-</strong></span> 
     </span>
     <span class='ocr_line' id='line_1_15' title="bbox 286 1862 1460 1948; baseline 0.003 -23"><span class='ocrx_word' id='word_1_130' title='bbox 286 1863 450 1946; x_wconf 89' lang='lat' dir='ltr'><strong>liquorum</strong></span> <span class='ocrx_word' id='word_1_131' title='bbox 469 1881 544 1926; x_wconf 83' lang='lat' dir='ltr'><strong>vero</strong></span> <span class='ocrx_word' id='word_1_132' title='bbox 564 1864 743 1925; x_wconf 91' lang='lat' dir='ltr'><strong>carminum</strong></span> <span class='ocrx_word' id='word_1_133' title='bbox 765 1863 904 1945; x_wconf 90' lang='lat' dir='ltr'><strong>nullum,</strong></span> <span class='ocrx_word' id='word_1_134' title='bbox 927 1864 966 1928; x_wconf 88' lang='lat' dir='ltr'><strong>de</strong></span> <span class='ocrx_word' id='word_1_135' title='bbox 985 1883 1019 1928; x_wconf 93' lang='lat' dir='ltr'><strong>se</strong></span> <span class='ocrx_word' id='word_1_136' title='bbox 1036 1862 1157 1947; x_wconf 82' lang='lat' dir='ltr'><strong>publici</strong></span> <span class='ocrx_word' id='word_1_137' title='bbox 1177 1865 1259 1926; x_wconf 89' lang='lat' dir='ltr'><strong>iuris</strong></span> <span class='ocrx_word' id='word_1_138' title='bbox 1276 1863 1345 1928; x_wconf 90' lang='lat' dir='ltr'><strong>fieri</strong></span> <span class='ocrx_word' id='word_1_139' title='bbox 1369 1867 1460 1948; x_wconf 87' lang='lat' dir='ltr'><strong>quis-</strong></span> 
     </span>
     <span class='ocr_line' id='line_1_16' title="bbox 286 1969 1460 2052; baseline 0.003 -20"><span class='ocrx_word' id='word_1_140' title='bbox 286 1990 383 2052; x_wconf 89' lang='lat' dir='ltr'><strong>quam</strong></span> <span class='ocrx_word' id='word_1_141' title='bbox 397 1969 490 2032; x_wconf 88' lang='lat' dir='ltr'><strong>hodie</strong></span> <span class='ocrx_word' id='word_1_142' title='bbox 504 1988 606 2052; x_wconf 88' lang='lat' dir='ltr'><strong>aequo</strong></span> <span class='ocrx_word' id='word_1_143' title='bbox 620 1971 727 2033; x_wconf 92' lang='lat' dir='ltr'><strong>animo</strong></span> <span class='ocrx_word' id='word_1_144' title='bbox 740 1970 843 2036; x_wconf 82' lang='lat' dir='ltr'><strong>ferret</strong></span> <span class='ocrx_word' id='word_1_145' title='bbox 868 1970 991 2034; x_wconf 87' lang='lat' dir='ltr'><strong>Versus</strong></span> <span class='ocrx_word' id='word_1_146' title='bbox 1009 1970 1059 2050; x_wconf 84' lang='lat'><strong>10,</strong></span> <span class='ocrx_word' id='word_1_147' title='bbox 1076 1970 1206 2032; x_wconf 82' lang='grc'>11-14</span> <span class='ocrx_word' id='word_1_148' title='bbox 1220 1989 1309 2034; x_wconf 91' lang='lat' dir='ltr'><strong>mera</strong></span> <span class='ocrx_word' id='word_1_149' title='bbox 1317 1971 1460 2036; x_wconf 90' lang='lat' dir='ltr'><strong>ludibria</strong></span> 
     </span>
     <span class='ocr_line' id='line_1_17' title="bbox 285 2077 1523 2162; baseline 0.005 -23"><span class='ocrx_word' id='word_1_150' title='bbox 285 2079 457 2140; x_wconf 79' lang='lat' dir='ltr'><strong>continent</strong></span> <span class='ocrx_word' id='word_1_151' title='bbox 494 2078 629 2140; x_wconf 86' lang='lat' dir='ltr'><strong>Amicus</strong></span> <span class='ocrx_word' id='word_1_152' title='bbox 653 2077 848 2140; x_wconf 86' lang='lat' dir='ltr'><strong>concredidit</strong></span> <span class='ocrx_word' id='word_1_153' title='bbox 865 2081 975 2162; x_wconf 89' lang='lat' dir='ltr'><strong>poetae</strong></span> <span class='ocrx_word' id='word_1_154' title='bbox 994 2079 1052 2160; x_wconf 92' lang='lat' dir='ltr'><strong>qni</strong></span> <span class='ocrx_word' id='word_1_155' title='bbox 1068 2079 1185 2161; x_wconf 78' lang='lat' dir='ltr'><strong>gratias</strong></span> <span class='ocrx_word' id='word_1_156' title='bbox 1203 2080 1278 2162; x_wconf 84' lang='lat' dir='ltr'><strong>agit,</strong></span> <span class='ocrx_word' id='word_1_157' title='bbox 1299 2098 1365 2142; x_wconf 90' lang='lat' dir='ltr'><strong>non</strong></span> <span class='ocrx_word' id='word_1_158' title='bbox 1385 2082 1459 2162; x_wconf 92' lang='lat' dir='ltr'><strong>qui-</strong></span> <span class='ocrx_word' id='word_1_159' title='bbox 1522 2125 1523 2146; x_wconf 47' lang='lat' dir='ltr'><strong>i</strong></span> 
     </span>
     <span class='ocr_line' id='line_1_18' title="bbox 285 2183 1458 2269; baseline 0.003 -22"><span class='ocrx_word' id='word_1_160' title='bbox 285 2185 356 2248; x_wconf 92' lang='lat' dir='ltr'><strong>dem</strong></span> <span class='ocrx_word' id='word_1_161' title='bbox 374 2191 413 2247; x_wconf 91' lang='lat' dir='ltr'><strong>nt</strong></span> <span class='ocrx_word' id='word_1_162' title='bbox 432 2183 541 2247; x_wconf 88' lang='lat' dir='ltr'><strong>debuit</strong></span> <span class='ocrx_word' id='word_1_163' title='bbox 558 2190 590 2248; x_wconf 87' lang='lat' dir='ltr'><strong>et</strong></span> <span class='ocrx_word' id='word_1_164' title='bbox 608 2203 641 2248; x_wconf 92' lang='lat' dir='ltr'><strong>se</strong></span> <span class='ocrx_word' id='word_1_165' title='bbox 660 2183 808 2248; x_wconf 85' lang='lat' dir='ltr'><strong>didicisse</strong></span> <span class='ocrx_word' id='word_1_166' title='bbox 824 2183 917 2269; x_wconf 81' lang='lat' dir='ltr'><strong>fingit</strong></span> <span class='ocrx_word' id='word_1_167' title='bbox 935 2191 1044 2248; x_wconf 91' lang='lat' dir='ltr'><strong>sancto</strong></span> <span class='ocrx_word' id='word_1_168' title='bbox 1062 2185 1096 2248; x_wconf 93' lang='lat' dir='ltr'><strong>in</strong></span> <span class='ocrx_word' id='word_1_169' title='bbox 1115 2184 1273 2249; x_wconf 89' lang='lat' dir='ltr'><strong>caloribus</strong></span> <span class='ocrx_word' id='word_1_170' title='bbox 1291 2191 1347 2250; x_wconf 90' lang='lat' dir='ltr'><strong>aut</strong></span> <span class='ocrx_word' id='word_1_171' title='bbox 1370 2187 1458 2250; x_wconf 89' lang='lat' dir='ltr'><strong>dolo—</strong></span> 
     </span>
     <span class='ocr_line' id='line_1_19' title="bbox 283 2290 1459 2376; baseline 0.003 -22"><span class='ocrx_word' id='word_1_172' title='bbox 283 2290 374 2355; x_wconf 85' lang='lat' dir='ltr'><strong>ribus</strong></span> <span class='ocrx_word' id='word_1_173' title='bbox 397 2310 479 2374; x_wconf 93' lang='lat' dir='ltr'><strong>quos</strong></span> <span class='ocrx_word' id='word_1_174' title='bbox 501 2290 624 2353; x_wconf 87' lang='lat' dir='ltr'><strong>viderat</strong></span> <span class='ocrx_word' id='word_1_175' title='bbox 646 2290 787 2372; x_wconf 76' lang='lat' dir='ltr'><strong>eilande,</strong></span> <span class='ocrx_word' id='word_1_176' title='bbox 815 2293 918 2376; x_wconf 85' lang='lat' dir='ltr'><strong>pergit</strong></span> <span class='ocrx_word' id='word_1_177' title='bbox 940 2294 1026 2355; x_wconf 90' lang='lat' dir='ltr'><strong>enim</strong></span> <span class='ocrx_word' id='word_1_178' title='bbox 1050 2291 1162 2356; x_wconf 82' lang='lat' dir='ltr'><strong>Gallus</strong></span> <span class='ocrx_word' id='word_1_179' title='bbox 1188 2291 1315 2376; x_wconf 91' lang='lat' dir='ltr'><strong>publice</strong></span> <span class='ocrx_word' id='word_1_180' title='bbox 1337 2293 1459 2357; x_wconf 76' lang='lat' dir='ltr'><strong>fastidii</strong></span> 
     </span>
     <span class='ocr_line' id='line_1_20' title="bbox 284 2398 1456 2483; baseline 0.002 -21"><span class='ocrx_word' id='word_1_181' title='bbox 284 2407 315 2462; x_wconf 91' lang='lat' dir='ltr'><strong>et</strong></span> <span class='ocrx_word' id='word_1_182' title='bbox 339 2398 504 2482; x_wconf 87' lang='lat' dir='ltr'><strong>superbiae</strong></span> <span class='ocrx_word' id='word_1_183' title='bbox 527 2399 562 2460; x_wconf 90' lang='lat' dir='ltr'><strong>in</strong></span> <span class='ocrx_word' id='word_1_184' title='bbox 585 2417 692 2462; x_wconf 90' lang='lat' dir='ltr'><strong>amore</strong></span> <span class='ocrx_word' id='word_1_185' title='bbox 715 2400 853 2482; x_wconf 90' lang='lat' dir='ltr'><strong>speciem</strong></span> <span class='ocrx_word' id='word_1_186' title='bbox 872 2418 946 2483; x_wconf 89' lang='lat' dir='ltr'><strong>prae</strong></span> <span class='ocrx_word' id='word_1_187' title='bbox 969 2418 1004 2464; x_wconf 89' lang='lat' dir='ltr'><strong>se</strong></span> <span class='ocrx_word' id='word_1_188' title='bbox 1026 2399 1106 2464; x_wconf 83' lang='lat' dir='ltr'><strong>ferro</strong></span> <span class='ocrx_word' id='word_1_189' title='bbox 1124 2407 1161 2463; x_wconf 90' lang='lat' dir='ltr'><strong>ut</strong></span> <span class='ocrx_word' id='word_1_190' title='bbox 1183 2419 1226 2464; x_wconf 85' lang='lat' dir='ltr'><strong>ex</strong></span> <span class='ocrx_word' id='word_1_191' title='bbox 1249 2402 1388 2464; x_wconf 88' lang='lat' dir='ltr'><strong>carmine</strong></span> <span class='ocrx_word' id='word_1_192' title='bbox 1413 2403 1456 2465; x_wconf 91' lang='lat'><strong>13</strong></span> 
     </span>
     <span class='ocr_line' id='line_1_21' title="bbox 282 2506 1522 2591; baseline 0.002 -23"><span class='ocrx_word' id='word_1_193' title='bbox 282 2512 421 2590; x_wconf 86' lang='lat' dir='ltr'><strong>apparet,</strong></span> <span class='ocrx_word' id='word_1_194' title='bbox 445 2523 558 2569; x_wconf 86' lang='lat' dir='ltr'><strong>verum</strong></span> <span class='ocrx_word' id='word_1_195' title='bbox 581 2511 687 2588; x_wconf 89' lang='lat' dir='ltr'><strong>poeta,</strong></span> <span class='ocrx_word' id='word_1_196' title='bbox 711 2525 746 2570; x_wconf 90' lang='lat' dir='ltr'><strong>se</strong></span> <span class='ocrx_word' id='word_1_197' title='bbox 769 2507 874 2569; x_wconf 91' lang='lat' dir='ltr'><strong>maius</strong></span> <span class='ocrx_word' id='word_1_198' title='bbox 897 2507 1019 2589; x_wconf 93' lang='lat' dir='ltr'><strong>aliquid</strong></span> <span class='ocrx_word' id='word_1_199' title='bbox 1043 2506 1159 2572; x_wconf 87' lang='lat' dir='ltr'><strong>habere</strong></span> <span class='ocrx_word' id='word_1_200' title='bbox 1180 2506 1244 2572; x_wconf 89' lang='lat' dir='ltr'><strong>fide</strong></span> <span class='ocrx_word' id='word_1_201' title='bbox 1267 2527 1364 2591; x_wconf 88' lang='lat' dir='ltr'><strong>quam</strong></span> <span class='ocrx_word' id='word_1_202' title='bbox 1388 2528 1454 2571; x_wconf 92' lang='lat' dir='ltr'><strong>non</strong></span> <span class='ocrx_word' id='word_1_203' title='bbox 1521 2557 1522 2560; x_wconf 63' lang='lat'><strong>,</strong></span> 
     </span>
     <span class='ocr_line' id='line_1_22' title="bbox 282 2612 1455 2697; baseline 0.004 -23"><span class='ocrx_word' id='word_1_204' title='bbox 282 2612 387 2694; x_wconf 87' lang='lat' dir='ltr'><strong>habet,</strong></span> <span class='ocrx_word' id='word_1_205' title='bbox 408 2613 546 2697; x_wconf 88' lang='lat' dir='ltr'><strong>glorians</strong></span> <span class='ocrx_word' id='word_1_206' title='bbox 570 2613 683 2676; x_wconf 86' lang='lat' dir='ltr'><strong>suadet</strong></span> <span class='ocrx_word' id='word_1_207' title='bbox 701 2621 738 2678; x_wconf 89' lang='lat' dir='ltr'><strong>ut</strong></span> <span class='ocrx_word' id='word_1_208' title='bbox 755 2613 975 2677; x_wconf 91' lang='lat' dir='ltr'><strong>humillimum</strong></span> <span class='ocrx_word' id='word_1_209' title='bbox 995 2615 1114 2678; x_wconf 88' lang='lat' dir='ltr'><strong>amicae</strong></span> <span class='ocrx_word' id='word_1_210' title='bbox 1132 2615 1276 2678; x_wconf 92' lang='lat' dir='ltr'><strong>animum</strong></span> <span class='ocrx_word' id='word_1_211' title='bbox 1299 2616 1455 2696; x_wconf 88' lang='lat' dir='ltr'><strong>ostendat,</strong></span> 
     </span>
     <span class='ocr_line' id='line_1_23' title="bbox 283 2719 1452 2805; baseline 0.001 -22"><span class='ocrx_word' id='word_1_212' title='bbox 283 2740 347 2803; x_wconf 91' lang='lat' dir='ltr'><strong>quo</strong></span> <span class='ocrx_word' id='word_1_213' title='bbox 370 2719 529 2785; x_wconf 85' lang='lat' dir='ltr'><strong>acerbiore</strong></span> <span class='ocrx_word' id='word_1_214' title='bbox 552 2720 684 2784; x_wconf 91' lang='lat' dir='ltr'><strong>consilio</strong></span> <span class='ocrx_word' id='word_1_215' title='bbox 709 2719 791 2783; x_wconf 86' lang='lat' dir='ltr'><strong>Galli</strong></span> <span class='ocrx_word' id='word_1_216' title='bbox 814 2720 995 2804; x_wconf 90' lang='lat' dir='ltr'><strong>superbiam</strong></span> <span class='ocrx_word' id='word_1_217' title='bbox 1019 2739 1146 2805; x_wconf 85' lang='lat' dir='ltr'><strong>carpere</strong></span> <span class='ocrx_word' id='word_1_218' title='bbox 1174 2729 1231 2785; x_wconf 89' lang='lat' dir='ltr'><strong>ant</strong></span> <span class='ocrx_word' id='word_1_219' title='bbox 1252 2721 1363 2785; x_wconf 88' lang='lat' dir='ltr'><strong>ludere</strong></span> <span class='ocrx_word' id='word_1_220' title='bbox 1386 2741 1452 2784; x_wconf 92' lang='lat' dir='ltr'><strong>non</strong></span> 
     </span>
     <span class='ocr_line' id='line_1_24' title="bbox 281 2827 1451 2911; baseline 0.001 -21"><span class='ocrx_word' id='word_1_221' title='bbox 281 2829 392 2910; x_wconf 87' lang='lat' dir='ltr'><strong>potuit.</strong></span> <span class='ocrx_word' id='word_1_222' title='bbox 438 2827 510 2892; x_wconf 91' lang='lat' dir='ltr'><strong>Hoc</strong></span> <span class='ocrx_word' id='word_1_223' title='bbox 538 2846 664 2891; x_wconf 87' lang='lat' dir='ltr'><strong>carmen</strong></span> <span class='ocrx_word' id='word_1_224' title='bbox 693 2827 815 2911; x_wconf 91' lang='lat' dir='ltr'><strong>publici</strong></span> <span class='ocrx_word' id='word_1_225' title='bbox 842 2829 923 2891; x_wconf 88' lang='lat' dir='ltr'><strong>iuris</strong></span> <span class='ocrx_word' id='word_1_226' title='bbox 953 2827 1071 2892; x_wconf 86' lang='lat' dir='ltr'><strong>factum</strong></span> <span class='ocrx_word' id='word_1_227' title='bbox 1104 2834 1135 2892; x_wconf 93' lang='lat' dir='ltr'><strong>et</strong></span> <span class='ocrx_word' id='word_1_228' title='bbox 1162 2827 1311 2892; x_wconf 88' lang='lat' dir='ltr'><strong>omnibus</strong></span> <span class='ocrx_word' id='word_1_229' title='bbox 1337 2835 1451 2892; x_wconf 87' lang='lat' dir='ltr'><strong>notum</strong></span> 
     </span>
     <span class='ocr_line' id='line_1_25' title="bbox 282 2933 1450 3018; baseline 0.003 -23"><span class='ocrx_word' id='word_1_230' title='bbox 282 2933 393 2998; x_wconf 83' lang='lat' dir='ltr'><strong>Gallus</strong></span> <span class='ocrx_word' id='word_1_231' title='bbox 425 2935 515 2999; x_wconf 94' lang='lat' dir='ltr'><strong>nullo</strong></span> <span class='ocrx_word' id='word_1_232' title='bbox 548 2935 643 2999; x_wconf 92' lang='lat' dir='ltr'><strong>modo</strong></span> <span class='ocrx_word' id='word_1_233' title='bbox 674 2935 757 2999; x_wconf 87' lang='lat' dir='ltr'><strong>ferre</strong></span> <span class='ocrx_word' id='word_1_234' title='bbox 788 2936 900 3018; x_wconf 84' lang='lat' dir='ltr'><strong>potuit</strong></span> <span class='ocrx_word' id='word_1_235' title='bbox 955 2934 1089 3000; x_wconf 80' lang='lat' dir='ltr'><strong>Carmen</strong></span> <span class='ocrx_word' id='word_1_236' title='bbox 1126 2937 1256 2999; x_wconf 83' lang='lat' dir='ltr'><strong>tertium</strong></span> <span class='ocrx_word' id='word_1_237' title='bbox 1289 2935 1450 3000; x_wconf 88' lang='lat' dir='ltr'><strong>decimum</strong></span> 
     </span>
     <span class='ocr_line' id='line_1_26' title="bbox 280 3042 1451 3126; baseline 0.001 -22"><span class='ocrx_word' id='word_1_238' title='bbox 280 3047 404 3123; x_wconf 90' lang='lat' dir='ltr'><strong>praeter</strong></span> <span class='ocrx_word' id='word_1_239' title='bbox 420 3061 530 3106; x_wconf 85' lang='lat' dir='ltr'><strong>vocem</strong></span> <span class='ocrx_word' id='word_1_240' title='bbox 550 3042 670 3106; x_wconf 80' lang='lat' dir='ltr'><strong>‘amice&#39;</strong></span> <span class='ocrx_word' id='word_1_241' title='bbox 694 3044 728 3105; x_wconf 94' lang='lat' dir='ltr'><strong>in</strong></span> <span class='ocrx_word' id='word_1_242' title='bbox 747 3063 775 3105; x_wconf 82' lang='lat' dir='ltr'><strong>r.</strong></span> <span class='ocrx_word' id='word_1_243' title='bbox 798 3043 838 3105; x_wconf 88' lang='lat'><strong>18</strong></span> <span class='ocrx_word' id='word_1_244' title='bbox 857 3043 985 3106; x_wconf 93' lang='lat' dir='ltr'><strong>nullum</strong></span> <span class='ocrx_word' id='word_1_245' title='bbox 1004 3043 1161 3106; x_wconf 85' lang='lat' dir='ltr'><strong>amicitiae</strong></span> <span class='ocrx_word' id='word_1_246' title='bbox 1180 3043 1350 3126; x_wconf 82' lang='lat' dir='ltr'><strong>vestigium</strong></span> <span class='ocrx_word' id='word_1_247' title='bbox 1375 3063 1451 3106; x_wconf 90' lang='lat' dir='ltr'><strong>con-</strong></span> 
     </span>
     <span class='ocr_line' id='line_1_27' title="bbox 279 3147 1449 3232; baseline 0.001 -21"><span class='ocrx_word' id='word_1_248' title='bbox 279 3149 367 3212; x_wconf 90' lang='lat' dir='ltr'><strong>tinet.</strong></span> <span class='ocrx_word' id='word_1_249' title='bbox 423 3148 514 3212; x_wconf 88' lang='lat' dir='ltr'><strong>Prior</strong></span> <span class='ocrx_word' id='word_1_250' title='bbox 545 3169 619 3232; x_wconf 88' lang='lat' dir='ltr'><strong>pars</strong></span> <span class='ocrx_word' id='word_1_251' title='bbox 650 3151 698 3212; x_wconf 94' lang='lat' dir='ltr'><strong>ira</strong></span> <span class='ocrx_word' id='word_1_252' title='bbox 729 3150 885 3232; x_wconf 88' lang='lat' dir='ltr'><strong>posterior</strong></span> <span class='ocrx_word' id='word_1_253' title='bbox 915 3150 1032 3213; x_wconf 85' lang='lat' dir='ltr'><strong>iterum</strong></span> <span class='ocrx_word' id='word_1_254' title='bbox 1065 3151 1211 3212; x_wconf 88' lang='lat' dir='ltr'><strong>irrisione</strong></span> <span class='ocrx_word' id='word_1_255' title='bbox 1248 3147 1362 3214; x_wconf 84' lang='lat' dir='ltr'><strong>referta</strong></span> <span class='ocrx_word' id='word_1_256' title='bbox 1391 3157 1449 3214; x_wconf 87' lang='lat' dir='ltr'><strong>est.</strong></span> 
     </span>
     <span class='ocr_line' id='line_1_28' title="bbox 279 3254 1451 3340; baseline 0.005 -26"><span class='ocrx_word' id='word_1_257' title='bbox 279 3254 403 3319; x_wconf 89' lang='lat' dir='ltr'><strong>Versus</strong></span> <span class='ocrx_word' id='word_1_258' title='bbox 429 3256 468 3317; x_wconf 94' lang='grc'>17</span> <span class='ocrx_word' id='word_1_259' title='bbox 494 3275 539 3338; x_wconf 90' lang='lat' dir='ltr'><strong>sq.</strong></span> <span class='ocrx_word' id='word_1_260' title='bbox 563 3275 657 3320; x_wconf 91' lang='lat' dir='ltr'><strong>nemo</strong></span> <span class='ocrx_word' id='word_1_261' title='bbox 685 3255 724 3319; x_wconf 91' lang='lat' dir='ltr'><strong>ab</strong></span> <span class='ocrx_word' id='word_1_262' title='bbox 753 3257 855 3319; x_wconf 87' lang='lat' dir='ltr'><strong>amico</strong></span> <span class='ocrx_word' id='word_1_263' title='bbox 888 3257 987 3321; x_wconf 88' lang='lat' dir='ltr'><strong>dictos</strong></span> <span class='ocrx_word' id='word_1_264' title='bbox 1019 3275 1122 3340; x_wconf 90' lang='lat' dir='ltr'><strong>aequo</strong></span> <span class='ocrx_word' id='word_1_265' title='bbox 1154 3257 1261 3319; x_wconf 90' lang='lat' dir='ltr'><strong>animo</strong></span> <span class='ocrx_word' id='word_1_266' title='bbox 1293 3258 1451 3340; x_wconf 88' lang='lat' dir='ltr'><strong>acciperet</strong></span> 
     </span>
     <span class='ocr_line' id='line_1_29' title="bbox 278 3357 1448 3448; baseline 0.003 -24"><span class='ocrx_word' id='word_1_267' title='bbox 278 3369 310 3424; x_wconf 90' lang='lat' dir='ltr'><strong>et</strong></span> <span class='ocrx_word' id='word_1_268' title='bbox 332 3363 402 3445; x_wconf 90' lang='lat' dir='ltr'><strong>ipsa</strong></span> <span class='ocrx_word' id='word_1_269' title='bbox 424 3380 489 3424; x_wconf 83' lang='lat' dir='ltr'><strong>vox</strong></span> <span class='ocrx_word' id='word_1_270' title='bbox 511 3362 631 3426; x_wconf 89' lang='lat' dir='ltr'><strong>‘amice’</strong></span> <span class='ocrx_word' id='word_1_271' title='bbox 654 3357 883 3446; x_wconf 83' lang='lat' dir='ltr'><strong>impudentiam</strong></span> <span class='ocrx_word' id='word_1_272' title='bbox 912 3373 1023 3448; x_wconf 88' lang='lat' dir='ltr'><strong>poetae</strong></span> <span class='ocrx_word' id='word_1_273' title='bbox 1046 3369 1148 3448; x_wconf 80' lang='lat' dir='ltr'><strong>anget.</strong></span> <span class='ocrx_word' id='word_1_274' title='bbox 1194 3363 1301 3427; x_wconf 84' lang='lat' dir='ltr'><strong>Versu</strong></span> <span class='ocrx_word' id='word_1_275' title='bbox 1329 3364 1448 3428; x_wconf 90' lang='lat' dir='ltr'><strong>duode-</strong></span> 
     </span>
     <span class='ocr_line' id='line_1_30' title="bbox 277 3470 1448 3553; baseline 0.002 -22"><span class='ocrx_word' id='word_1_276' title='bbox 277 3471 430 3532; x_wconf 82' lang='lat' dir='ltr'><strong>vicesimo</strong></span> <span class='ocrx_word' id='word_1_277' title='bbox 459 3470 584 3532; x_wconf 89' lang='lat' dir='ltr'><strong>dolores</strong></span> <span class='ocrx_word' id='word_1_278' title='bbox 613 3471 669 3553; x_wconf 93' lang='lat' dir='ltr'><strong>qui</strong></span> <span class='ocrx_word' id='word_1_279' title='bbox 697 3470 851 3534; x_wconf 89' lang='lat' dir='ltr'><strong>reticendi</strong></span> <span class='ocrx_word' id='word_1_280' title='bbox 878 3478 968 3536; x_wconf 89' lang='lat' dir='ltr'><strong>erant</strong></span> <span class='ocrx_word' id='word_1_281' title='bbox 995 3491 1061 3535; x_wconf 92' lang='lat' dir='ltr'><strong>non</strong></span> <span class='ocrx_word' id='word_1_282' title='bbox 1094 3471 1230 3535; x_wconf 84' lang='lat' dir='ltr'><strong>obscure</strong></span> <span class='ocrx_word' id='word_1_283' title='bbox 1257 3471 1448 3536; x_wconf 86' lang='lat' dir='ltr'><strong>indicantur.</strong></span> 
     </span>
     <span class='ocr_line' id='line_1_31' title="bbox 277 3575 1448 3662; baseline 0.003 -23"><span class='ocrx_word' id='word_1_284' title='bbox 277 3576 313 3639; x_wconf 86' lang='lat' dir='ltr'><strong>cf.</strong></span> <span class='ocrx_word' id='word_1_285' title='bbox 337 3576 506 3640; x_wconf 84' lang='lat' dir='ltr'><strong>Silentiarii</strong></span> <span class='ocrx_word' id='word_1_286' title='bbox 535 3596 586 3638; x_wconf 85' lang='lat' dir='ltr'><strong>vv.</strong></span> <span class='ocrx_word' id='word_1_287' title='bbox 609 3575 683 3638; x_wconf 87' lang='lat' dir='ltr'><strong>VH.</strong></span> <span class='ocrx_word' id='word_1_288' title='bbox 714 3578 734 3638; x_wconf 87' lang='lat'><strong>3</strong></span> <span class='ocrx_word' id='word_1_289' title='bbox 762 3597 808 3660; x_wconf 89' lang='lat' dir='ltr'><strong>sq.</strong></span> <span class='ocrx_word' id='word_1_290' title='bbox 838 3583 870 3642; x_wconf 90' lang='lat' dir='ltr'><strong>et</strong></span> <span class='ocrx_word' id='word_1_291' title='bbox 895 3577 1043 3644; x_wconf 82' lang='lat' dir='ltr'><strong>Themist</strong></span> <span class='ocrx_word' id='word_1_292' title='bbox 1072 3599 1114 3643; x_wconf 91' lang='lat' dir='ltr'><strong>or.</strong></span> <span class='ocrx_word' id='word_1_293' title='bbox 1139 3577 1249 3642; x_wconf 81' lang='lat' dir='ltr'>XXII.</span> <span class='ocrx_word' id='word_1_294' title='bbox 1273 3598 1303 3662; x_wconf 91' lang='lat' dir='ltr'><strong>p.</strong></span> <span class='ocrx_word' id='word_1_295' title='bbox 1327 3579 1392 3641; x_wconf 92' lang='grc'><strong>272</strong></span> <span class='ocrx_word' id='word_1_296' title='bbox 1415 3585 1448 3643; x_wconf 89' lang='lat' dir='ltr'><strong>et</strong></span> 
     </span>
     <span class='ocr_line' id='line_1_32' title="bbox 276 3681 1447 3770; baseline 0.002 -24"><span class='ocrx_word' id='word_1_297' title='bbox 276 3681 368 3746; x_wconf 86' lang='lat' dir='ltr'><strong>Lucr.</strong></span> <span class='ocrx_word' id='word_1_298' title='bbox 397 3683 528 3750; x_wconf 63' lang='grc'>1117,</span> <span class='ocrx_word' id='word_1_299' title='bbox 559 3684 644 3746; x_wconf 89' lang='lat'>1103</span> <span class='ocrx_word' id='word_1_300' title='bbox 673 3702 742 3766; x_wconf 91' lang='lat' dir='ltr'><strong>sqq.</strong></span> <span class='ocrx_word' id='word_1_301' title='bbox 795 3683 991 3769; x_wconf 79' lang='lat' dir='ltr'><strong>Trupissima</strong></span> <span class='ocrx_word' id='word_1_302' title='bbox 1022 3688 1057 3750; x_wconf 93' lang='lat' dir='ltr'><strong>in</strong></span> <span class='ocrx_word' id='word_1_303' title='bbox 1091 3687 1147 3750; x_wconf 90' lang='lat' dir='ltr'><strong>illo</strong></span> <span class='ocrx_word' id='word_1_304' title='bbox 1180 3705 1276 3750; x_wconf 86' lang='lat' dir='ltr'><strong>versu</strong></span> <span class='ocrx_word' id='word_1_305' title='bbox 1309 3687 1447 3770; x_wconf 83' lang='lat' dir='ltr'><strong>cogitare</strong></span> 
     </span>
     <span class='ocr_line' id='line_1_33' title="bbox 275 3788 1446 3875; baseline 0.003 -23"><span class='ocrx_word' id='word_1_306' title='bbox 275 3788 354 3854; x_wconf 89' lang='lat' dir='ltr'><strong>fides</strong></span> <span class='ocrx_word' id='word_1_307' title='bbox 372 3791 529 3875; x_wconf 89' lang='lat' dir='ltr'><strong>Propertii</strong></span> <span class='ocrx_word' id='word_1_308' title='bbox 552 3792 712 3854; x_wconf 90' lang='lat' dir='ltr'><strong>neminem</strong></span> <span class='ocrx_word' id='word_1_309' title='bbox 732 3797 826 3855; x_wconf 89' lang='lat' dir='ltr'><strong>vetat.</strong></span> <span class='ocrx_word' id='word_1_310' title='bbox 863 3792 937 3856; x_wconf 91' lang='lat' dir='ltr'><strong>Non</strong></span> <span class='ocrx_word' id='word_1_311' title='bbox 959 3794 1065 3860; x_wconf 91' lang='lat' dir='ltr'><strong>lenius</strong></span> <span class='ocrx_word' id='word_1_312' title='bbox 1083 3794 1194 3858; x_wconf 83' lang='lat' dir='ltr'><strong>Gallus</strong></span> <span class='ocrx_word' id='word_1_313' title='bbox 1217 3793 1358 3857; x_wconf 91' lang='lat' dir='ltr'><strong>eluditur</strong></span> <span class='ocrx_word' id='word_1_314' title='bbox 1380 3813 1446 3856; x_wconf 89' lang='lat' dir='ltr'><strong>car-</strong></span> 
     </span>
     <span class='ocr_line' id='line_1_34' title="bbox 275 3897 1445 3985; baseline 0.006 -25"><span class='ocrx_word' id='word_1_315' title='bbox 275 3899 363 3961; x_wconf 91' lang='lat' dir='ltr'><strong>mine</strong></span> <span class='ocrx_word' id='word_1_316' title='bbox 385 3900 546 3962; x_wconf 85' lang='lat' dir='ltr'><strong>vicesimo.</strong></span> <span class='ocrx_word' id='word_1_317' title='bbox 593 3897 737 3962; x_wconf 90' lang='lat' dir='ltr'><strong>Primum</strong></span> <span class='ocrx_word' id='word_1_318' title='bbox 770 3906 864 3982; x_wconf 89' lang='lat' dir='ltr'><strong>poeta</strong></span> <span class='ocrx_word' id='word_1_319' title='bbox 895 3902 999 3985; x_wconf 91' lang='lat' dir='ltr'><strong>prodit</strong></span> <span class='ocrx_word' id='word_1_320' title='bbox 1021 3901 1148 3966; x_wconf 87' lang='lat' dir='ltr'><strong>Gallum</strong></span> <span class='ocrx_word' id='word_1_321' title='bbox 1180 3919 1297 3985; x_wconf 88' lang='lat' dir='ltr'><strong>pueros</strong></span> <span class='ocrx_word' id='word_1_322' title='bbox 1329 3919 1445 3982; x_wconf 88' lang='lat' dir='ltr'><strong>amare,</strong></span> 
     </span>
     <span class='ocr_line' id='line_1_35' title="bbox 275 4004 1519 4093; baseline 0.004 -27"><span class='ocrx_word' id='word_1_323' title='bbox 275 4004 389 4067; x_wconf 90' lang='lat' dir='ltr'><strong>deinde</strong></span> <span class='ocrx_word' id='word_1_324' title='bbox 417 4012 527 4070; x_wconf 90' lang='lat' dir='ltr'><strong>monet</strong></span> <span class='ocrx_word' id='word_1_325' title='bbox 553 4024 595 4068; x_wconf 91' lang='lat' dir='ltr'><strong>ne</strong></span> <span class='ocrx_word' id='word_1_326' title='bbox 627 4007 818 4070; x_wconf 88' lang='lat' dir='ltr'><strong>incuriosior</strong></span> <span class='ocrx_word' id='word_1_327' title='bbox 845 4027 980 4090; x_wconf 89' lang='lat' dir='ltr'><strong>puerum</strong></span> <span class='ocrx_word' id='word_1_328' title='bbox 1010 4027 1106 4092; x_wconf 87' lang='lat' dir='ltr'><strong>quem</strong></span> <span class='ocrx_word' id='word_1_329' title='bbox 1135 4015 1220 4072; x_wconf 87' lang='lat' dir='ltr'><strong>amet</strong></span> <span class='ocrx_word' id='word_1_330' title='bbox 1247 4009 1444 4091; x_wconf 77' lang='lat' dir='ltr'><strong>anympba·</strong></span> <span class='ocrx_word' id='word_1_331' title='bbox 1518 4039 1519 4093; x_wconf 58' lang='lat' dir='ltr'><strong>q</strong></span> 
     </span>
     <span class='ocr_line' id='line_1_36' title="bbox 275 4112 1445 4196; baseline 0.003 -23"><span class='ocrx_word' id='word_1_332' title='bbox 275 4130 349 4175; x_wconf 92' lang='lat' dir='ltr'><strong>rum</strong></span> <span class='ocrx_word' id='word_1_333' title='bbox 371 4113 490 4196; x_wconf 88' lang='lat' dir='ltr'><strong>rapinis</strong></span> <span class='ocrx_word' id='word_1_334' title='bbox 514 4131 579 4175; x_wconf 91' lang='lat' dir='ltr'><strong>non</strong></span> <span class='ocrx_word' id='word_1_335' title='bbox 608 4112 768 4192; x_wconf 76' lang='lat' dir='ltr'><strong>defendat,</strong></span> <span class='ocrx_word' id='word_1_336' title='bbox 800 4115 860 4177; x_wconf 91' lang='lat' dir='ltr'><strong>hoc</strong></span> <span class='ocrx_word' id='word_1_337' title='bbox 891 4121 953 4194; x_wconf 89' lang='lat' dir='ltr'><strong>est,</strong></span> <span class='ocrx_word' id='word_1_338' title='bbox 985 4114 1095 4178; x_wconf 84' lang='lat' dir='ltr'><strong>Gallus</strong></span> <span class='ocrx_word' id='word_1_339' title='bbox 1122 4113 1250 4178; x_wconf 86' lang='lat' dir='ltr'><strong>iubetur</strong></span> <span class='ocrx_word' id='word_1_340' title='bbox 1272 4115 1381 4178; x_wconf 85' lang='lat' dir='ltr'><strong>ridere</strong></span> <span class='ocrx_word' id='word_1_341' title='bbox 1402 4133 1445 4178; x_wconf 91' lang='lat' dir='ltr'><strong>ne</strong></span> 
     </span>
     <span class='ocr_line' id='line_1_37' title="bbox 275 4220 1443 4304; baseline 0.003 -23"><span class='ocrx_word' id='word_1_342' title='bbox 275 4237 356 4301; x_wconf 91' lang='lat' dir='ltr'><strong>puer</strong></span> <span class='ocrx_word' id='word_1_343' title='bbox 372 4220 495 4302; x_wconf 90' lang='lat' dir='ltr'><strong>puellas</strong></span> <span class='ocrx_word' id='word_1_344' title='bbox 515 4220 604 4284; x_wconf 86' lang='lat' dir='ltr'><strong>Gallo</strong></span> <span class='ocrx_word' id='word_1_345' title='bbox 624 4226 803 4303; x_wconf 90' lang='lat' dir='ltr'><strong>anteponat.</strong></span> <span class='ocrx_word' id='word_1_346' title='bbox 841 4220 984 4285; x_wconf 84' lang='lat' dir='ltr'><strong>Fortasse</strong></span> <span class='ocrx_word' id='word_1_347' title='bbox 1007 4221 1085 4284; x_wconf 89' lang='lat' dir='ltr'><strong>tales</strong></span> <span class='ocrx_word' id='word_1_348' title='bbox 1108 4223 1235 4304; x_wconf 89' lang='lat' dir='ltr'><strong>rapinas</strong></span> <span class='ocrx_word' id='word_1_349' title='bbox 1258 4223 1323 4285; x_wconf 84' lang='lat' dir='ltr'><strong>iam</strong></span> <span class='ocrx_word' id='word_1_350' title='bbox 1346 4221 1443 4285; x_wconf 83' lang='lat' dir='ltr'><strong>factas</strong></span> 
     </span>
     <span class='ocr_line' id='line_1_38' title="bbox 273 4327 1443 4412; baseline 0.003 -23"><span class='ocrx_word' id='word_1_351' title='bbox 273 4327 391 4390; x_wconf 86' lang='lat' dir='ltr'><strong>stultus</strong></span> <span class='ocrx_word' id='word_1_352' title='bbox 419 4328 473 4392; x_wconf 88' lang='lat' dir='ltr'><strong>ille</strong></span> <span class='ocrx_word' id='word_1_353' title='bbox 496 4330 546 4391; x_wconf 88' lang='lat' dir='ltr'><strong>vir</strong></span> <span class='ocrx_word' id='word_1_354' title='bbox 572 4347 636 4390; x_wconf 90' lang='lat' dir='ltr'><strong>non</strong></span> <span class='ocrx_word' id='word_1_355' title='bbox 661 4327 795 4407; x_wconf 87' lang='lat' dir='ltr'><strong>viderat,</strong></span> <span class='ocrx_word' id='word_1_356' title='bbox 823 4327 923 4390; x_wconf 86' lang='lat' dir='ltr'><strong>donoc</strong></span> <span class='ocrx_word' id='word_1_357' title='bbox 949 4333 1059 4411; x_wconf 86' lang='lat' dir='ltr'><strong>poetae</strong></span> <span class='ocrx_word' id='word_1_358' title='bbox 1087 4327 1289 4393; x_wconf 86' lang='lat' dir='ltr'><strong>irrisionibus</strong></span> <span class='ocrx_word' id='word_1_359' title='bbox 1317 4349 1443 4412; x_wconf 78' lang='lat' dir='ltr'><strong>compe</strong></span> 
     </span>
    </p>
   </div>
   <div class='ocr_carea' id='block_1_3' title="bbox 0 0 1542 4788">
    <p class='ocr_par' dir='ltr' id='par_1_3' title="bbox 0 0 1542 4788">
     <span class='ocr_line' id='line_1_39' title="bbox 0 0 1542 4788; baseline 0 7"><span class='ocrx_word' id='word_1_360' title='bbox 0 0 1542 4788; x_wconf 95' lang='lat' dir='ltr'><strong> </strong></span> 
     </span>
    </p>
   </div>
  </div>
 </body>
</html>
