3074 4788
752 285 972 346 ..22-

277 465 417 546 virgines
435 461 589 544 Vestales
607 463 805 547 sexagenarii
823 467 879 528 eto.
910 461 1139 527 Continuasex
1154 481 1310 526 annorum
1326 462 1451 527 reontio

277 570 431 653 tripartite
462 589 520 653 per
549 589 595 636 se·
617 587 731 654 parurn
762 567 933 653 probabilis
966 573 1023 632 est.
1068 567 1165 634 Nullo
1187 569 1377 640 'testimonio
1400 570 1451 632 ni-

278 678 364 758 titur,
384 683 509 760 'pugnat
536 697 610 742 vero
635 697 709 742 oum
732 677 834 761 ipsius
857 676 999 759 Augusti
1027 674 1142 740 verbis.
1188 675 1293 748 Verba
1327 673 1361 745 ui
1389 679 1453 756 μὲν

275 787 399 864 πρῶτον
421 782 455 843 τὸ
479 783 509 844 δὲ
532 782 670 863 δεύτερον
693 784 823 851 iliorum
842 782 1134 869 interpretationem
1155 783 1301 849 reiciunt.
1346 781 1451 855 Multo

278 891 530 974 magnificentior
562 891 758 974 ampliorque
777 891 962 982 elementia
993 890 1062 955 eius
1099 891 1310 974 apparuisset,
1337 891 1366 957 si
1396 889 1452 955 ilie
1525 947 1526 950 ,

277 1017 333 1082 per
357 999 501 1082 quinque
525 998 674 1082 deinceps
692 1013 792 1064 nonos
810 997 889 1081 legis
909 1015 987 1063 suae
1010 998 1206 1062 sumnonem
1220 997 1327 1067 ¹fuisse
1343 997 1452 1062 dioere
1525 985 1526 1010 i

278 1107 448 1188 potuisset,
472 1112 541 1176 turn
565 1124 640 1172 vero
660 1106 822 1172 omisisset
841 1109 970 1171 sextum
989 1104 1304 1176 venationis-aunum
1327 1103 1452 1172 addere.
1525 1149 1526 1166 2

278 1211 363 1296 Ergo
386 1212 441 1276 lex
463 1214 541 1278 anni
567 1213 630 1276 iao
652 1213 715 1278 nisi
739 1231 805 1277 usu
833 1231 898 1276 non
925 1211 1050 1276 sublata
1077 1217 1139 1294 est,
1165 1211 1227 1278 fuit
1255 1211 1398 1279 seeundo
1421 1217 1454 1276 et
1525 1253 1526 1270 t

278 1320 383 1386 media
401 1319 464 1401 ier,
481 1322 584 1404 prima
602 1320 748 1386 laxante
771 1337 893 1387 annum
908 1318 977 1382 ‘736
996 1317 1059 1382 leto
1078 1323 1134 1384 est.
1182 1318 1360 1396 Suetonius
1383 1317 1453 1384 Oot.
1525 1399 1526 1408 ἵ

281 1449 307 1492 o.
329 1429 370 1494 34
394 1427 534 1494 tradidit:
562 1427 657 1510 ‘leges
680 1426 861 1493 retraetavit
889 1431 920 1488 et
943 1425 1097 1508 quasdam
1130 1445 1172 1490 ex
1198 1427 1321 1510 integro
1345 1427 1455 1492 sanxit
1525 1433 1526 1454 ³

278 1540 315 1599 ut
338 1581 449 1598 .....
475 1534 515 1601 de
541 1533 728 1604 maritandis
757 1531 931 1599 ordinibus.
977 1531 1076 1602 ‘Hane
1103 1553 1177 1599 oum
1197 1533 1369 1617 aliquanto
1402 1552 1454 1599 se-

278 1642 386 1706 verius
408 1661 505 1724 quam
524 1647 643 1708 eeteros
661 1639 963 1722 enumeratque
982 1641 1126 1714 tumultu
1142 1642 1454 1724 'recusantiumper-

278 1749 358 1814 ferre
376 1768 441 1814 non
459 1749 564 1831 potuit
582 1748 645 1812 nisi
660 1747 806 1830 adempto
820 1747 951 1819 domurn
969 1747 1106 1814 lenitaue
1119 1753 1207 1831 parte
1225 1767 1400 1832 poenarum
1421 1754 1456 1812 et

278 1856 442 1922 vaoafione
456 1855 585 1920 triennii
600 1853 671 1920 data
685 1855 853 1936 nucusque
863 1857 1022 1938 praemiis.
1045 1854 1241 1939 Sioqnoquo
1247 1855 1453 1923 abundarem

279 1965 350 2031 eius
365 1962 492 2046 publiea
508 1960 688 2045 spectaculo
705 1961 906 2043 pertinreiter
924 1961 1105 2044 pustuiante
1119 1964 1227 2046 equite
1244 1964 1364 2030 aooitos
1375 1962 1455 2028 Ger-

280 2071 396 2134 manioi
418 2069 577 2133 liberos..
597 2069 813 2132 ..ostentavit
827 2113 937 2130 ......
943 2068 1089 2153 Cumque
1108 2071 1203 2140 etiem
1225 2069 1457 2142 immaturitate

280 2197 471 2261 sponsarum
494 2181 527 2241 et
544 2175 821 2243 matrimoniorum
845 2175 953 2245 erebro
972 2178 1149 2248 mutatione
1172 2177 1238 2240 vim
1261 2176 1340 2260 legis
1366 2175 1456 2240 eludi

281 2286 420 2366 sentiret,
442 2290 569 2366 tempus
586 2301 721 2365 sponsas
740 2282 875 2354 habendi
891 2285 1060 2365 coartavit,
1077 2284 1221 2352 divomfis
1240 2282 1374 2349 modum
1391 2283 1456 2346 im-

279 2391 404 2476 posuit'.
438 2389 508 2468 Quo
530 2390 623 2453 modo
643 2390 699 2456 has
718 2390 798 2473 tegis
815 2391 1099 2473 praevaricationes
1120 2397 1204 2464 ortas
1223 2411 1292 2456 esse
1311 2389 1456 2456 censebi-

280 2521 354 2564 mus
374 2501 401 2562 si
419 2500 488 2582 ipsa
505 2499 558 2562 lex
578 2516 660 2560 anno
678 2497 739 2559 736
758 2503 867 2581 rogata
885 2498 1014 2570 triennii
1033 2503 1138 2572 tamen
1154 2499 1362 2564 moxvaoatio
1382 2497 1456 2561 data

280 2609 350 2672 est?
397 2604 482 2670 Dicit
509 2602 583 2668 Dio:
610 2605 688 2670 ‘vair
713 2603 745 2666 δὲ
774 2603 908 2684 ἀγάμοις
933 2602 991 2665 καὶ
1019 2607 1086 2672 ταῖς
1109 2605 1273 2687 ἀνάνδροις
1294 2602 1455 2686 βαρύτερα

283 2713 322 2773 roi
355 2713 492 2792 ἐπιτίμια
528 2713 650 2784 ἐπέταξε
682 2710 737 2773 καὶ
761 2709 894 2790 ἔμπαλιν
917 2716 971 2780 τοῦ
994 2733 1024 2772 τε
1048 2711 1157 2792 γάμου
1179 2711 1235 2774 καὶ
1266 2715 1318 2787 τῆς
1343 2710 1456 2774 παιδο-

283 2821 386 2888 ποιίας
409 2811 496 2878 ἆθλα
530 2817 667 2892 ’έθηκενῖ
719 2817 791 2882 Non
824 2837 905 2901 nego
938 2816 1072 2899 ἔμπαλιν
1103 2837 1200 2902 ponne
1228 2819 1315 2888 idem
1347 2819 1455 2886 ualere
1525 2849 1526 2862 ¹

282 2926 369 3010 quod
391 2925 518 2992 ‘auteur’
545 2926 594 2989 vol
611 2924 748 2990 ‘contrat
794 2924 851 2991 Sin
869 2927 914 2990 ito
930 2925 1092 3008 inteilegis
1108 2931 1177 2992 tum
1196 2927 1357 3010 graviores
1382 2927 1455 3009 qui·

284 3035 357 3098 dem
375 3034 674 3117 poenasAugustus
693 3034 800 3117 posuit
819 3053 917 3116 quam
936 3034 1046 3099 simon
1064 3034 1133 3116 ipse
1151 3033 1214 3098 iam
1233 3039 1383 3116 posuerat
1401 3033 1456 3099 aiii

283 3147 455 3207 antaeum
478 3145 664 3222 posuerant,
690 3142 830 3222 praemia
858 3147 964 3210 autem
988 3141 1096 3225 posuit
1123 3140 1216 3222 quasi
1237 3140 1456 3224 ipse·primus

284 3248 425 3332 praemia
447 3247 595 3329 posuerit.
633 3245 788 3315 Poeuerat
810 3253 917 3312 autem
931 3248 1005 3312 iem
1023 3247 1126 3312 Iulius
1147 3245 1369 3319 Caesareano
1390 3247 1453 3312 708

285 3351 490 3420 πολυπαιδίας
513 3344 601 3417 ἆθλα
625 3357 708 3418 toste
726 3351 829 3418 Dione
853 3374 876 3418 o.
898 3356 954 3435 43,
979 3355 1038 3436 25,
1061 3353 1097 3420 cf.
1117 3353 1203 3421 Suet.
1222 3354 1283 3420 lui.
1305 3354 1336 3420 C.
1354 3375 1381 3420 e.
1403 3357 1455 3437 20,

284 3463 369 3529 idem
387 3463 452 3528 iam
469 3479 554 3524 anno
575 3459 638 3523 695
657 3461 692 3522 in
711 3462 793 3544 agria
810 3461 1012 3544 assignandis
1031 3481 1085 3528 eos
1102 3461 1294 3546 praendere
1312 3464 1369 3546 qui
1390 3468 1455 3528 tros

283 3571 433 3655 pluresve
455 3567 573 3632 liberos
595 3567 747 3633 haberent
765 3574 849 3638 teste
869 3567 972 3635 Dione
991 3588 1015 3637 o
1034 3571 1086 3650 38,
1108 3571 1135 3651 7,
1159 3568 1324 3644 uaesana
1347 3575 1455 3638 muron
1525 3645 1526 3648 Ἴ

284 3679 397 3762 poeuis
414 3676 693 3745 oaoiibesvexasse
713 3695 875 3758 nusquam
893 3674 1035 3741 traditur.
1071 3675 1178 3743 Etiam
1196 3681 1271 3745 unta
1289 3675 1454 3745 &esurum

284 3803 352 3850 nnn
370 3785 473 3848 rarius
492 3784 630 3866 praemia
647 3784 770 3849 moritis
788 3801 1030 3866 quampoenae
1048 3801 1115 3850 nou
1133 3783 1255 3851 maritis
1272 3783 1359 3846 illata
1378 3791 1455 3853 sunt
1525 3773 1526 3776 ’

285 3897 323 3958 ut
336 3911 378 3956 ex
391 3891 431 3956 iis
447 3907 528 3972 quaa
542 3889 736 3957 Heineooius
750 3910 779 3972 p.
797 3888 845 3954 26·
854 3909 922 3972 sqq.
933 3890 1070 3974 oomegit
1084 3896 1218 3974 apparet.
1246 3888 1344 3958 Recte
1357 3891 1455 3974 igitur

286 4018 339 4064 me
353 3998 459 4064 iudioe
477 3995 774 4077 ipuairavooebulo
792 3996 923 4062 ‘rursus’
933 4002 1094 4062 vertemus
1113 4017 1179 4080 qua
1196 3998 1453 4080 interpretatione
1525 4043 1526 4090 3

286 4105 421 4172 efficitur
439 4105 546 4187 ipsum
565 4106 751 4186 Augustum
770 4105 834 4171 iam
854 4110 926 4170 ante
948 4123 1067 4188 poenas
1089 4111 1120 4170 et
1142 4105 1282 4188 proemia
1293 4106 1452 4188 posuisse.

288 4211 373 4288 Quid
391 4212 529 4293 denique
544 4211 584 4274 ab
597 4210 762 4278 Heineooii
780 4210 989 4277 sectatoribus
1008 4211 1045 4274 de
1060 4210 1216 4295 Propertii
1231 4211 1451 4279 naminari?

289 4319 466 4386 statuetur?
513 4315 585 4380 Hoo
608 4335 734 4383 carmen
757 4323 864 4400 aperte
885 4317 988 4400 legem
1016 4317 1156 4400 aliquam
1184 4318 1222 4382 de
1244 4318 1452 4394 matrimoniis
