3074 4788
733 305 951 368 ...18-

257 481 388 544 Frustra
411 488 448 544 ut
472 481 631 545 crederem
655 482 735 544 mihi
757 483 899 565 persuasi
923 482 1010 564 quod
1030 481 1090 544 Dio
1114 488 1228 558 narrat,
1253 495 1336 544 anno
1361 481 1426 543 131

255 589 442 671 Augustum
465 581 609 652 Phraatis
641 587 743 650 filium
776 588 950 652 reddidisse
971 591 1059 672 5551
1091 589 1151 652 555
1179 604 1217 652 ee
1239 588 1430 652 condicione
1530 591 1531 676 1

256 697 408 778 utsigna
433 697 677 759 remitterentur.
715 695 934 760 Mommscnus
958 703 1140 778 postremus
1159 696 1201 759 de
1225 697 1284 758 555
1304 710 1340 764 re
1363 696 1429 758 dis-
1530 715 1531 720 ¹

254 805 380 886 putavit
410 805 445 866 in
478 803 574 866 altera
605 802 744 866 editione
776 805 976 866 monumenti
1009 805 1173 883 Ancyram
1200 823 1229 887 p.
1262 804 1324 866 135
1358 823 1427 885 sqq.

255 909 318 973 Hic
340 929 381 974 ex
404 909 518 973 Dionis
541 916 573 973 at
595 910 713 974 1551151
736 914 772 988 (c.
798 913 850 993 42,
871 912 903 989 5)
925 911 1117 974 testimoniis
1145 911 1230 974 iuter
1251 924 1286 973 55
1300 910 1429 978 *disere

255 1017 405 1100 pentibus
434 1018 495 1080 555
521 1017 667 1081 elicuisse
697 1017 755 1083 sibi
783 1018 911 1081 videtur
935 1015 1106 1082 Tiridatem
1133 1017 1311 1100 profugisse
1341 1033 1427 1078 5555

257 1125 320 1186 124
342 1125 376 1186 15
395 1123 529 1204 Syriam,
553 1143 627 1186 oum
650 1121 717 1187 filio
727 1124 871 1188 Phraatis
895 1131 1018 1206 arrepto
1041 1121 1279 1208 adhugustum
1298 1123 1428 1185 venisse

255 1249 339 1293 anno
373 1229 528 1312 7285729,
559 1229 662 1294 filium
691 1231 730 1293 ab
758 1234 908 1314 Angusto
940 1229 1101 1293 redditum
1133 1249 1205 1294 osse
1237 1246 1322 1294 anno
1354 1229 1427 1291 731.

256 1337 321 1400 Cur
352 1339 472 1422 5555511
498 1337 601 1400 filium
628 1339 823 1401 remissurus
850 1337 936 1400 bono
968 1339 1075 1400 animo
1107 1337 1254 1420 precihus
1286 1336 1428 1398 Parthici

255 1446 339 1529 regis
377 1445 549 1508 cessurus?
604 1445 720 1508 Nonne
752 1444 813 1507 555
844 1446 981 1527 pessime
1013 1443 1230 1508 consentiebat
1256 1459 1337 1506 1oum
1363 1442 1428 1504 Bo-

256 1571 423 1614 manorum
459 1552 533 1615 55111
569 1559 600 1615 51
637 1552 790 1634 triumphi
823 1543 960 1614 Parthici
998 1552 1149 1614 55511555
1186 1547 1426 1634 er'rpeetetione?

255 1661 308 1721 An
332 1658 479 1722 Parthica
495 1658 575 1722 fides
599 1659 676 1722 adeo
701 1661 839 1742 spectate
861 1658 1270 1749 151151155551555555
1288 1663 1427 1741 speraret

256 1765 434 1829 acciderent
457 1768 587 1828 omnino
610 1784 676 1827 nou
699 1771 782 1828 esset
805 1765 916 1827 155551
949 1763 1172 1848 Si'Augustus
1195 1764 1299 1828 fllium
1322 1764 1427 1827 reddi-

256 1873 311 1953 dit,
333 1889 408 1935 eum
433 1873 547 1954 statim,
570 1878 608 1936 ut
635 1871 781 1936 Iustinus
803 1877 919 1952 55551,
940 1871 1078 1936 reddidit
1104 1877 1274 1956 postquam
1296 1873 1427 1955 occepit,

255 1980 299 2042 ita
322 1985 359 2042 ut
382 1981 513 2043 omnino
546 1999 620 2043 curn
654 1996 718 2042 non
751 1981 909 2062 occepisse
940 1989 1047 2062 posset
1073 1979 1174 2042 videri
1203 1985 1235 2042 et
1256 1981 1428 2061 utriusque

256 2086 410 2167 (Tiridatis
434 2093 465 2150 et
487 2086 645 2165 Phraatis)
674 2087 788 2149 studiis
812 2092 980 2150 contentus
1003 2085 1075 2167 (Dio
1099 2105 1124 2149 5.
1150 2079 1427 2166 5518151155-

255 2194 376 2257 thicum
408 2193 543 2273 beilum,
575 2194 628 2255 cui
660 2212 697 2256 55
726 2199 866 2277 tempore
898 2212 962 2276 quo
990 2195 1111 2277 aceepit
1143 2199 1175 2256 51
1200 2194 1332 2258 reddere
1359 2194 1427 2255 ius·

256 2319 312 2364 sus
344 2307 406 2381 est,
436 2300 568 2362 fortasse
600 2318 666 2362 555
698 2320 755 2383 par
786 2319 864 2365 esse
889 2301 949 2364 sibi
981 2301 1162 2381 videbatur,
1195 2301 1339 2382 evitaret,
1366 2319 1427 2362 nec

254 2413 361 2470 tamen
392 2407 525 2490 gloriam
563 2425 654 2468 suam
693 2408 777 2491 apud
808 2406 970 2472 Romanos
1003 2409 1184 2471 annueret
1219 2407 1316 2472 111155
1349 2420 1426 2469 5555

255 2514 422 2578 Phraatem
459 2518 570 2597 555155
601 2511 734 2576 Romam
766 2514 891 2578 obsides
922 2517 1049 2579 misisse
1090 2517 1185 2595 (anuo
1225 2533 1310 2576 nono
1352 2511 1426 2576 ante

256 2621 418 2685 Christum
446 2623 568 2698 natum)
597 2639 708 2684 omnes
731 2623 900 2704 scriptores
929 2641 995 2684 una
1017 2639 1108 2701 voce,
1137 2623 1229 2703 quasi
1257 2639 1425 2703 nunquam

255 2747 343 2791 unus
376 2747 417 2791 ex
449 2728 489 2790 iis
521 2729 554 2790 15
587 2727 805 2792 Romanorum
834 2735 989 2812 potestate
1018 2723 1126 2810 fuerit,
1163 2729 1314 2792 nuntiant
1345 2725 1425 2789 Veli.

255 2835 322 2898 Pat.
346 2853 372 2898 c.
398 2836 427 2916 2,
452 2835 502 2916 94,
530 2834 608 2900 Iust.
633 2854 658 2898 5.
683 2837 735 2917 42,
760 2837 790 2915 5,
822 2835 977 2919 Iosephus
1002 2836 1085 2903 arch.
1110 2853 1135 2898 c.
1160 2836 1211 2912 18,
1235 2835 1264 2911 2,
1282 2835 1314 2916 4,
1340 2833 1426 2896 Mon.

258 2944 377 3023 Ancyr.
400 2939 561 3023 (Momms.
585 2963 613 3022 p.
640 2944 722 3025 141),
747 2961 887 3026 quocum
910 2943 1090 3024 55551555
1120 2943 1277 3006 consentit
1297 2941 1425 3005 Tacitus
1530 2921 1531 2998 1

257 3041 394 3114 anuli.
425 3050 457 3127 1;
490 3048 618 3113 videtur
644 3051 696 3112 hic
727 3050 856 3133 paelicis
888 3049 991 3116 filium
1024 3051 1177 3133 excipere.
1228 3051 1287 3112 Dio
1320 3067 1426 3132 neque
1530 3073 1531 3090 ¹

255 3157 353 3219 huius
376 3157 423 3218 rei
451 3157 645 3220 mentionem
673 3157 761 3238 fecit,
789 3175 896 3241 neque
923 3157 1053 3220 tradidit
1079 3171 1182 3220 unurn
1210 3175 1253 3220 err
1281 3156 1426 3220 Phraatis
1530 3205 1531 3230 ,

254 3262 329 3325 filiis
352 3262 521 3325 Vononem
544 3269 654 3345 postea
677 3263 841 3328 aParthis
864 3265 1051 3327 arcessitum
1076 3279 1147 3328 esse
1174 3280 1282 3348 regem
1307 3263 1425 3326 51155.

254 3367 535 3434 1551155555.
586 3369 668 3433 Utut
700 3371 778 3435 haec
809 3391 860 3436 res
892 3379 942 3435 est
970 3365 1097 3434 carmen
1125 3361 1181 3433 IV.
1205 3373 1226 3432 4
1251 3389 1291 3434 eo
1318 3371 1426 3452 potius

254 3481 397 3560 ternpore
434 3477 588 3559 seriptum
624 3483 673 3540 est
705 3495 769 3560 quo
806 3477 1018 3561 expeditionis
1049 3480 1083 3540 in
1116 3478 1264 3541 Arabiam
1301 3477 1353 3540 rel
1369 3513 1372 3520 ·
1389 3477 1425 3538 15

255 3584 457 3666 Aethiopiam
487 3583 709 3667 suscipiendae
733 3603 846 3647 rumor
872 3584 991 3648 Romae
1018 3585 1097 3655 1551,
1130 3605 1227 3668 quem
1255 3589 1426 3665 55555555
1530 3633 1531 3676 ,

256 3692 426 3774 Augustus
444 3692 478 3752 in
496 3691 600 3754 indice
620 3691 696 3754 dicit
714 3691 824 3754 eodem
843 3690 908 3755 fere
927 3697 1067 3775 ternpore
1085 3708 1144 3756 suo
1163 3691 1255 3756 iussn
1274 3690 1426 3772 5155551-
1530 3679 1531 3682 '

255 3797 441 3861 5151551515
466 3815 544 3861 esse.
586 3800 681 3861 Anno
708 3799 768 3862 731
794 3801 856 3880 (vel
882 3801 957 3880 132)
980 3799 1139 3882 expeditio
1164 3801 1198 3862 in
1223 3795 1424 3880 Aethiopiam
1530 3797 1531 3870 1

165 3915 170 3924 ·
256 3921 274 3964 5
296 3901 446 3966 Petronio
465 3913 617 3989 ,suscepta
646 3912 694 3970 est
722 3924 804 3990 quae
832 3912 939 3970 tamen
966 3907 1031 3969 iam
1059 3906 1230 3970 5555130
1257 3904 1349 3987 (131)
1372 3920 1426 3986 55·
1530 3925 1531 3944 r

254 4009 397 4087 rebatur3
418 4012 527 4094 regine
546 4014 631 4076 enim
650 4013 844 4098 Aethiopum
864 4013 1080 4077 Romanorum
1105 4014 1203 4096 copiis
1222 4013 1255 4074 iu
1275 4006 1424 4074 Arabiam
1530 4005 1531 4050 t

256 4116 402 4200 profectis
426 4137 510 4184 anno
536 4120 599 4182 730
623 4121 807 4204 Aegyptum
831 4122 1002 4200 invaserat,
1025 4137 1099 4203 ergo
1124 4119 1348 4202 scriptum-est
1365 4119 1425 4181 hoc

256 4241 384 4288 carmen
407 4229 463 4288 aut
485 4227 737 4309 5555135551,
761 4227 846 4311 quod
868 4226 1086 4290 1555555555
1106 4224 1319 4306 5151555551,
1342 4244 1424 4292 anno

258 4331 330 4414 729,
354 4351 418 4416 555
438 4353 521 4397 5555
542 4333 662 4397 bellum
682 4337 715 4398 in
734 4333 885 4398 Arabiam
908 4333 1084 4416 parabatur,
1108 4335 1201 4396 cuius
1220 4333 1350 4397 divitiae
1367 4345 1424 4417 pro
