3074 4788
576 297 794 360 „63-

98 477 182 539 dicta
206 493 285 557 esse,
308 476 449 538 carmina
474 476 508 554 5,
533 474 587 554 10,
612 474 668 555 13,
691 474 732 536 20
757 473 862 554 Gallo,
889 493 955 536 nou
979 493 1055 536 casn
1079 477 1116 536 nt
1141 473 1270 536 videtur

95 582 188 646 Tullo
220 583 381 666 opposito,
409 583 437 645 si
461 581 710 645 consideraveris
737 580 1027 644 veredisoordiam
1050 581 1084 643 iu
1109 579 1175 644 fine
1197 579 1269 643 libri

94 691 191 772 primi
213 695 357 753 exortam
378 688 480 752 fuisse
502 693 540 752 ut
562 689 703 752 carmina
725 687 767 751 Π.
792 689 811 750 2
831 693 863 751 et
882 689 901 750 3
925 692 1090 769 testantur,
1119 705 1184 750 non
1211 687 1269 750 du-

95 797 211 860 bitabis
235 815 326 882 spero
350 797 384 858 in
402 795 598 858 Lachmanni
620 801 743 878 partem
766 794 935 858 discedere.
968 793 1029 858 His
1053 794 1091 858 de
1113 792 1269 858 Knauthii

96 923 229 988 quoque
247 903 397 986 opinione
417 904 473 986 qui
497 903 535 966 de
553 903 666 966 itinere
685 902 888 985 suscipiendo
908 921 1035 965 cuman
1058 902 1198 984 primum
1221 902 1269 964 in·

95 1015 287 1094 terpretatur
309 1014 415 1073 actum
440 1027 511 1074 osse
533 1013 626 1092 puto=3
649 1029 701 1070 vv.
723 1009 753 1091 5,
776 1009 795 1070 6
816 1014 847 1072 et
870 1010 1003 1072 eademi
1027 1013 1183 1092 quattuor·
1199 1027 1269 1072 eam
1324 1055 1326 1057 -

96 1117 281 1200 propellunt
303 1123 334 1181 et
356 1122 443 1180 totus
466 1115 546 1180 liber
569 1116 692 1199 primus
717 1135 820 1178 unum
849 1135 971 1179 aunum
1000 1116 1269 1200 complecteretur.

186 1223 259 1287 Non
278 1225 377 1307 igitiu
392 1223 510 1288 fruens
528 1222 682 1304 Cynthiae
700 1223 869 1286 servitium
883 1221 1046 1302 Lycinnae
1064 1224 1165 1286 emori
1182 1239 1269 1305 prae·

97 1331 182 1413 tulit,
204 1330 293 1394 brevi
319 1335 490 1414 postquam
517 1331 604 1394 illam
632 1347 737 1393 amare
766 1334 912 1412 coeperat
938 1329 1097 1412 gaudendi
1127 1331 1218 1413 copia
1240 1330 1270 1394 ei

96 1437 178 1501 facta
201 1443 257 1502 est.
304 1437 381 1500 Mox
398 1443 504 1502 mmen
524 1436 682 1500 intellexit
703 1436 838 1500 formam
861 1435 986 1520 puellae
1009 1439 1269 1520 praestantiorem

98 1563 168 1608 esse
191 1544 342 1609 moribus.
387 1543 532 1608 Vestitus
561 1545 719 1626 quaesitas
748 1543 926 1625 illecebras,
954 1545 1076 1608 sincero
1105 1545 1204 1608 amori
1226 1544 1270 1608 fa-

97 1651 187 1734 tales,
204 1669 297 1734 aegre
315 1651 398 1732 tulit,
420 1655 488 1715 tum
508 1651 674 1735 paululum
693 1656 731 1714 ut
748 1651 875 1714 videtur
893 1651 1002 1734 lapsus
1020 1653 1100 1716 uam
1124 1653 1270 1718 dominae

98 1760 235 1842 experiri
258 1759 370 1841 coepit,
393 1757 521 1822 Gallum
543 1758 676 1822 rivalem
700 1759 825 1841 magnis
848 1759 1019 1823 tenoribus
1042 1758 1177 1824 fortasse
1195 1775 1270 1822 vero

98 1865 273 1928 maioribus
292 1871 410 1929 terrere
422 1866 546 1947 studet⁷
566 1865 656 1930 lullo
675 1871 706 1928 et
723 1864 855 1929 Pontico
873 1866 1036 1930 ardentem
1057 1866 1186 1948 quidem
1206 1885 1270 1930 non

98 1978 207 2036 tamen
229 1991 360 2055 prorsus
382 1972 505 2036 felicem
539 1991 680 2036 aurorem
711 1991 809 2036 suum
840 1971 1018 2056 profitetur,
1046 1972 1214 2054 Oyntmam
1227 1992 1271 2036 se

98 2080 200 2142 invito
234 2081 293 2142 iter
323 2085 487 2163 parantem
519 2081 660 2163 increpat
686 2081 719 2142 in
752 2079 815 2142 fide
843 2099 902 2143 sua
930 2080 1062 2144 candide
1089 2085 1271 2146 manentem

104 2187 245 2270 puellam
274 2189 411 2252 summis
438 2186 588 2250 laudibus
614 2186 717 2268 effert,
743 2187 847 2269 lapsos
874 2206 944 2251 esse
973 2205 1078 2252 amore
1101 2187 1271 2252 Ponticum

100 2293 294 2378 Gallumque
324 2294 442 2378 gaudet
473 2295 641 2378 paululum
670 2311 724 2358 eos
750 2291 873 2371 undet,
903 2291 1073 2375 cynthiam
1104 2291 1181 2360 Bais
1202 2315 1271 2360 mo-

98 2407 222 2466 rantem
245 2409 354 2466 monet
375 2421 417 2466 ne
438 2407 557 2484 peccet,
580 2400 665 2485 quod
688 2399 741 2464 illa
764 2419 856 2484 aegre
884 2401 997 2466 tulisse
1024 2402 1160 2484 videtur,
1181 2422 1270 2485 pror-

100 2529 157 2572 sus
172 2510 258 2572 enim
268 2510 398 2572 Amoris
411 2508 572 2572 favoreex
581 2527 618 2571 eo
629 2513 769 2591 tempore
783 2508 975 2589 destituitur,
994 2509 1171 2572 uliiriveles
1181 2528 1271 2592 prae·

99 2615 246 2679 feruntur
264 2635 282 2679 a
299 2615 413 2699 puella.
440 2615 480 2678 In
500 2615 577 2679 solis
596 2613 789 2678 carminibus
810 2615 852 2676 14
866 2619 899 2677 et
910 2615 950 2678 19
965 2616 1100 2698 vestigia
1115 2616 1270 2699 quaedam

99 2723 251 2804 pristinae
269 2722 454 2786 concordiae
473 2721 761 2805 deprehenduntur.
799 2721 840 2784 In
858 2721 922 2785 fine
940 2723 1036 2806 prinu
1058 2721 1131 2784 libri
1148 2729 1272 2806 apertas

99 2829 283 2892 inimicitias
297 2829 402 2914 fuisse
416 2830 556 2894 earmina
568 2828 592 2892 Ι.
605 2829 622 2890 1
635 2833 666 2890 et
680 2827 721 2890 II.
738 2829 829 2892 aete
844 2829 1009 2911 spondent.
1037 2827 1174 2892 Brevius
1194 2830 1271 2894 duo-

100 2935 163 2999 bus
174 2937 265 2998 annis
275 2935 314 2998 ab
325 2935 403 3000 urbe
421 2935 546 2998 condita
566 2935 749 2998 72461125
769 2940 896 3017 tempus
906 2936 1046 3019 primum
1056 2935 1173 3000 librum
1186 2956 1271 3000 com-

100 3041 198 3125 plecti
219 3062 284 3104 non
306 3047 396 3125 puto.
439 3045 537 3107 Anno
564 3041 625 3104 726
650 3043 789 3124 primum
813 3059 940 3106 carmen
958 3041 1047 3106 brevi
1066 3048 1140 3106 ante
1162 3044 1271 3106 editio-

100 3167 186 3230 nem,
208 3168 292 3214 anno
314 3148 378 3212 fere
400 3154 472 3233 post
494 3148 618 3230 reliqua
636 3149 788 3230 carmina,
812 3153 977 3212 exustum
996 3155 1055 3230 est,
1078 3150 1116 3213 de
1138 3151 1271 3216 aliorum

101 3256 281 3320 carminum
303 3255 499 3340 temporibus
523 3256 601 3320 nihil
625 3260 763 3337 constat,
785 3275 852 3320 non
873 3256 954 3321 mihi
981 3258 1139 3339 persuasit
1160 3256 1272 3341 Haup-

100 3365 167 3428 tius
186 3365 242 3447 qui
261 3363 336 3427 dicit
354 3367 413 3446 (op.
432 3361 475 3428 ΙΙ.
493 3383 523 3446 p.
545 3362 633 3443 103):
657 3364 724 3428 ‘sed
743 3363 903 3433 decimum
922 3363 1004 3428 illud
1023 3383 1150 3428 carmen
1168 3370 1272 3447 poete-

100 3470 171 3534 rius
193 3475 241 3534 est
265 3489 360 3554 quam
383 3471 512 3534 tertium
536 3469 710 3551 decimum,
737 3470 796 3534 hoc
825 3471 911 3534 enim
940 3470 978 3532 ad
1007 3475 1166 3534 recentem
1190 3470 1273 3534 Galli

102 3595 244 3640 amorem
267 3576 422 3660 pertinet)
468 3576 590 3642 Verum
613 3577 741 3660 respicit
763 3582 855 3660 poeta
876 3578 912 3640 in
935 3597 986 3642 vv.
1007 3577 1059 3658 13,
1079 3576 1210 3640 14-24
1232 3578 1272 3640 ad

87 3683 139 3746 'ea
162 3701 244 3765 quae
266 3684 301 3748 in
324 3684 465 3748 carmine
490 3684 530 3747 10
555 3703 589 3748 se
612 3684 731 3748 vidisse
753 3685 876 3749 faunu.
922 3687 1039 3748 Annus
1064 3683 1126 3746 726
1151 3689 1199 3748 eet
1227 3685 1272 3748 di·

101 3789 194 3854 scidii
212 3809 326 3870 annus,
350 3809 414 3873 quc
433 3789 618 3873 Propertius
635 3790 753 3856 trustra
771 3809 881 3855 severa
904 3791 1010 3854 studia
1031 3791 1116 3855 adire
1140 3797 1273 3856 conatur

100 3917 130 3960 v.
146 3894 187 3958 II.
205 3897 233 3977 3,
250 3897 278 3978 7,
293 3916 357 3980 qno
375 3897 456 3962 viles
476 3898 608 3980 quaerit,
627 3917 690 3981 quo
710 3897 749 3962 ad
764 3897 864 3962 ,linem
882 3898 947 3962 lere
965 3898 1117 3981 perducto
1137 3899 1272 3966 amicam

101 4002 247 4068 nondum
266 4021 336 4068 esse
353 4003 586 4068 reconciliatam
607 4005 752 4087 queritur
770 4006 908 4070 carmine
922 4006 1032 4090 primo.
1056 4004 1164 4070 Primo
1184 4005 1272 4070 brevi

101 4114 175 4193 post
183 4109 263 4174 libro
273 4109 357 4174 edito
369 4112 436 4174 sive
445 4111 545 4195 gloria
553 4113 677 4174 execin
686 4117 861 4194 utrimque
871 4111 971 4175 effusa
980 4111 1272 4194 atvaurpans

103 4218 156 4297 20,
167 4217 207 4280 21
220 4237 266 4300 sq.
277 4215 333 4280 IV.
345 4219 375 4299 2,
388 4218 479 4301 lbsq.
496 4218 563 4282 sive
578 4234 689 4280 rumor
701 4217 882 4284 futurarum
897 4218 936 4281 de
947 4218 1101 4282 uxoribus
1119 4219 1272 4284 ducendis

101 4324 213 4407 legum
227 4325 286 4388 hoc
301 4324 469 4394 effecerant
482 4324 649 4388 concordia
663 4326 809 4388 restituta
818 4326 974 4408 reperitur
989 4325 1026 4388 ct
1041 4344 1084 4388 oc.
1101 4325 1143 4388 II.
1160 4327 1179 4388 2
1195 4332 1226 4389 et
1242 4328 1269 4389 3.
