3074 4788
580 305 800 366 „33-

101 482 221 546 deinde
240 481 425 565 Propertius
444 501 606 565 nusquam
625 481 780 546 ‘meritus’
799 486 855 544 aut
873 481 1071 545 ‘immeritus’
1090 501 1155 545 non
1175 484 1278 546 activa

100 588 335 672 significatione
363 588 508 653 adhibuit
534 589 586 653 rel
614 590 720 672 potius
750 587 862 651 Graeci
889 589 986 652 medii
1014 590 1047 650 vi
1075 588 1111 654 ci.
1141 599 1192 651 vv.
1216 589 1275 653 ΙΙΙ.

100 697 227 776 29,13.
250 695 308 758 IV.
330 693 428 777 ’1,34.
451 696 501 777 15,
520 697 572 758 43.
596 695 635 758 V.
658 696 686 777 5,
707 695 757 760 16.
778 696 807 774 l,
826 695 878 776 66,
901 714 961 759 neo
979 695 1164 779 Propertius
1188 696 1276 760 solus
1372 721 1375 728 ·

99 803 273 866 sedetiam
296 801 442 868 tibullus
465 808 497 866 et
519 801 696 886 Vergihus;
722 801 856 866 Ovidius
881 821 1012 885 quoque
1034 808 1168 885 excepta
1190 803 1276 866 loeu-

96 911 190 974 tione
213 911 357 974 ‘meritus
380 908 489 972 honor’
514 911 707 992 saepissime.
744 909 801 973 Sin
824 927 890 972 non
915 910 1020 974 solum
1046 911 1140 972 homo
1160 909 1276 992 aliquis

96 1017 265 1101 malignus
291 1017 346 1081 sed
375 1017 483 1100 quivis
512 1016 609 1080 lector
631 1015 786 1099 Propertii
810 1036 874 1080 usu
898 1023 1031 1100 cogente
1052 1017 1277 1100 intorpretatur

96 1125 148 1186 ‘tu
165 1125 271 1206 patrui
291 1142 419 1187 secures
439 1143 554 1208 supera
569 1124 680 1207 dignas
695 1143 777 1207 quae
793 1123 994 1208 superentur’
1009 1143 1122 1188 versus
1136 1125 1276 1188 maxime

97 1231 232 1294 offendit
250 1237 282 1295 et
300 1233 327 1295 si
346 1230 531 1314 Propertius
555 1231 694 1314 intellegi
717 1231 822 1294 voluit
842 1237 993 1315 patruum
1018 1226 1185 1294 securibus
1210 1230 1276 1314 dig-

96 1357 183 1401 num
201 1338 310 1415 luisse,
332 1339 384 1402 rel
408 1339 498 1403 illurn
522 1338 689 1401 consulem
713 1337 751 1401 de
774 1339 903 1402 civitate
925 1337 1005 1400 bene
1028 1339 1179 1402 meritum
1198 1355 1276 1418 esse,

98 1446 192 1510 omni
220 1445 313 1509 modo
341 1443 429 1509 illam
458 1444 696 1528 ambiguitatem
727 1443 862 1508 debehat
888 1446 1014 1508 evitare.
1060 1443 1178 1507 Tamen
1206 1463 1276 1507 ver-

98 1573 177 1616 sum
210 1553 393 1634 emendare,
425 1553 452 1615 si
485 1551 705 1615 emendandus
738 1556 800 1633 est,
830 1571 897 1614 non
930 1571 1071 1635 possum.
1125 1549 1277 1614 Barthius

97 1661 343 1744 Escheuburgio
366 1659 518 1743 probante
542 1657 607 1738 (lib.
631 1659 719 1722 misc.
739 1678 768 1741 p.
789 1659 843 1738 91)
863 1659 950 1722 huno
967 1677 1098 1722 versum
1116 1657 1276 1721 intellexit

100 1769 144 1831 de
168 1768 372 1851 expeditione
394 1785 414 1830 a
436 1765 584 1829 Messalla
605 1764 732 1829 'libullo
756 1766 928 1828 eomitante
951 1763 1002 1846 (cf.
1020 1763 1086 1827 lib.
1105 1764 1130 1826 l.
1151 1766 1184 1849 3)
1207 1764 1276 1827 Au-

96 1877 188 1959 gusti
216 1875 367 1958 auspiciis
396 1875 429 1935 in
453 1872 564 1936 Asiam
594 1877 754 1956 suscepta,
782 1891 846 1954 qua
872 1872 1062 1955 gladiatores
1087 1870 1194 1952 Cynici
1221 1889 1277 1954 per

99 1981 234 2065 aliquod
257 1987 384 2064 tempus
407 1979 446 2042 ad
470 1981 604 2042 Antonii
626 1980 790 2042 victoriam
814 1979 899 2042 ludis
922 1983 1031 2062 postea
1055 1977 1275 2042 celebrandam

99 2107 137 2151 se
164 2093 350 2152 exercentes
379 2087 520 2151 Antonio
549 2089 634 2151 meto
661 2084 797 2150 aDidio
820 2083 977 2169 Daphnen
1005 2087 1122 2148 missos
1149 2091 1277 2169 propter

99 2201 283 2278 suspectam
313 2194 461 2279 Augusto
489 2194 585 2258 fidem
615 2195 781 2278 dissipavit
808 2192 1112 2276 obtruncandosque
1145 2194 1277 2274 curavit,

97 2308 182 2366 teste
204 2300 307 2366 Dione
330 2322 356 2365 c.
382 2303 433 2384 51,
458 2303 485 2364 7.
524 2301 671 2366 Fortasse
693 2303 795 2384 ipsam
818 2299 931 2364 urbem
956 2297 1108 2380 Cyzicum
1128 2299 1276 2364 Messalla

96 2411 135 2473 in
159 2409 217 2473 hac
240 2410 441 2492 expeditione
465 2409 549 2473 adiit.
586 2409 683 2472 Anno
709 2409 772 2471 723
792 2408 934 2492 Augusti
956 2408 990 2469 in
1011 2408 1183 2471 consulatu
1201 2427 1275 2470 con-

96 2517 171 2599 lega
197 2534 323 2600 pugnae
346 2518 495 2580 Actiacae
521 2518 672 2581 intererat
699 2521 780 2580 teste
809 2515 955 2599 Appiano
985 2513 1056 2578 bell.
1086 2516 1144 2577 cir.
1169 2518 1200 2597 4,
1224 2517 1274 2578 38.

97 2623 179 2686 Post
210 2643 352 2707 pugnam
385 2624 424 2687 ad
453 2622 556 2688 Celtas
584 2624 829 2706 Aquitanosque
857 2621 1052 2705 subigendos
1079 2623 1199 2686 missus
1227 2627 1276 2686 est

99 2732 271 2794 comitante
288 2729 412 2796 Tibullo
431 2731 479 2812 (ci.
498 2729 561 2794 rib.
576 2751 606 2791 v.
623 2730 646 2792 I.
661 2730 688 2811 7,
700 2731 740 2809 9).
773 2727 896 2792 Deinde
916 2733 1087 2812 antequam
1107 2748 1190 2792 anno
1211 2730 1273 2791 127

98 2839 140 2901 de
159 2837 222 2901 illis
241 2838 367 2921 populis
385 2837 595 2922 triumpharet
611 2838 645 2900 in
665 2837 775 2900 Asiam
795 2837 916 2899 missus
935 2840 994 2917 est,
1015 2837 1130 2900 iterum
1150 2834 1275 2899 'libullo

97 2947 272 3008 comitante
286 2963 362 3008 mox
376 2952 483 3008 tamen
503 2950 691 3027 aegrotante.
720 2943 818 3008 Hunc
832 2961 940 3006 rerum
956 2941 1099 3006 ordinem
1115 2942 1164 3004 his
1179 2945 1274 3006 ratio-

97 3051 198 3114 nibus
212 3056 321 3115 motus
336 3057 453 3115 statrro:
481 3053 508 3114 1.
523 3051 562 3114 In
581 3071 689 3134 pugna
705 3051 836 3114 Actiaca
854 3055 909 3113 aut
927 3055 999 3133 post
1015 3069 1157 3132 pugnam
1167 3049 1275 3113 Actia-

98 3177 170 3221 cam
189 3160 223 3220 in
239 3160 382 3222 exercitu
392 3159 533 3242 Augusti
547 3160 641 3222 cuius
655 3160 735 3242 parti
750 3156 898 3220 Messalla
912 3162 1055 3239 praeerat
1069 3155 1179 3220 dubito
1195 3177 1274 3221 num

98 3265 222 3328 cohorti
246 3271 301 3329 aut
322 3264 445 3330 libullo
469 3266 560 3329 locus
582 3265 680 3329 inerit
707 3283 802 3348 quem
826 3265 860 3326 in
884 3262 1051 3327 Messallae
1074 3265 1217 3328 exercitu
1240 3266 1274 3328 in

98 3373 212 3436 Asiam
231 3371 442 3456 proficiscenti
459 3372 560 3436 fuisse
578 3393 629 3434 vv.
647 3370 712 3435 lib.
727 3371 752 3434 Ι.
769 3373 798 3454 3,
815 3372 831 3433 1
849 3391 896 3454 sq.
916 3370 1038 3435 docent.
1077 3372 1105 3433 2.
1120 3370 1198 3435 Post
1215 3372 1275 3434 hoc

96 3483 163 3544 iter
183 3486 247 3543 tam
270 3479 389 3543 infelici
412 3483 530 3543 eventu
554 3485 739 3562 susceptum
762 3477 910 3542 'libullus
939 3497 1003 3541 non
1032 3483 1163 3542 secutus
1192 3483 1276 3541 esset

99 3585 283 3659 Messallam
307 3587 341 3649 in
364 3585 481 3649 bellum
508 3592 617 3650 contra
643 3588 825 3670 Aquitanos
853 3585 1115 3669 proficiscentem.
1155 3585 1183 3646 3.
1209 3585 1275 3667 Ap·

98 3695 187 3778 pieni
219 3694 296 3756 haee
328 3692 424 3757 verba
457 3701 533 3757 sunt
565 3693 645 3775 (bell.
674 3695 733 3756 civ.
765 3711 789 3755 c.
814 3695 845 3774 4,
869 3694 937 3771 3s):
972 3689 1039 3772 περὶ
1058 3689 1177 3750 Ἄκτιον
1204 3711 1275 3750 ναυ-

98 3798 337 3880 αρχήσαντα...
361 3799 501 3882 ἔπεμψεν
528 3799 577 3861 ἐπὶ
604 3798 751 3884 Κελτοὺς,
766 3801 997 3879 ἀφισταμένους
1029 3795 1085 3857 καὶ
1112 3796 1276 3872 νικήσαντι

98 3907 211 3969 ἔδωκεν
238 3909 462 3989 θριαμβεῦσαι.
513 3910 542 3969 4.
571 3907 636 3970 Cur
663 3912 833 3990 Augustus
862 3907 1035 3988 Agrippam
1064 3901 1168 3968 Dione
1195 3909 1276 3967 teste

62 4020 64 4025 ’
98 4034 125 4076 c.
151 4013 201 4095 51,
226 4015 245 4075 3
269 4012 404 4079 Romam
428 4015 516 4078 misit
543 4020 614 4097 post
637 4015 803 4078 victoriam
826 4014 1005 4093 Actiacam,
1032 4030 1090 4075 cur
1113 4031 1178 4074 non
1201 4029 1276 4075 con·

99 4120 205 4184 sulem
238 4101 324 4184 misit
351 4120 553 4185 Messallam?
604 4119 686 4197 Quia
714 4121 869 4203 Aquitani
899 4120 1077 4184 deiecerant
1109 4124 1140 4182 et
1167 4120 1276 4201 copiae

98 4227 319 4292 tumultuosae
358 4227 587 4313 disiungendae
619 4233 716 4292 erant.
772 4229 869 4290 Anno
900 4229 998 4311 igitur
1031 4227 1094 4288 125
1127 4225 1180 4289 vel
1213 4225 1275 4287 726

99 4333 247 4400 Messalla
275 4337 309 4398 in
332 4337 441 4399 Asiam
471 4337 631 4420 profectus
658 4342 714 4397 est.
760 4333 816 4397 Sin
846 4335 885 4397 de
909 4335 967 4398 hac
989 4331 1156 4396 Messallae
1180 4349 1276 4415 expe·

1039 4438 1056 4491 3
