3074 4788
731 303 949 365 -44-.

258 481 326 544 sine
351 480 447 544 dubio
471 482 623 545 continuo
646 486 803 544 vexatam.
840 479 944 544 Semel
967 478 1055 542 bisve
1077 483 1184 542 tamen
1201 477 1333 542 fortasse
1352 477 1428 540 Pro·
1518 468 1519 480 ¹

256 589 379 670 pertius
400 587 527 652 Horatii
549 589 704 670 meminit,
729 587 804 652 dicit
826 589 860 650 in
883 588 976 650 initio
1000 586 1151 649 carminis
1172 585 1232 650 III.
1256 587 1313 649 23:

414 713 490 777 ‘Oui
512 715 573 778 fuit
595 715 714 777 indocti
737 712 888 796 fugienda
910 711 988 775 haec
1012 712 1123 775 semita
1145 711 1241 794 volgi,

459 822 530 904 ipsa
552 823 649 904 petita
667 820 740 883 lacu
758 839 846 883 nunc
868 819 947 881 mihi
971 818 1073 882 dulcis
1097 837 1180 901 aqua
1203 817 1269 882 est'

254 945 400 1010 Fortasse
429 945 538 1009 undet
564 945 689 1009 Horatii
717 964 847 1008 versum
875 943 1015 1026 primum
1043 944 1192 1006 carminis
1219 941 1278 1005 ΙΙΙ.
1304 943 1336 1004 1:
1364 941 1427 1004 ‘odi

256 1051 423 1136 profanum
448 1052 565 1135 volgus
584 1058 615 1116 et
638 1051 748 1116 arceo'
785 1049 965 1114 Discrimen
989 1055 1072 1114 certe
1092 1047 1230 1114 duorum
1250 1048 1428 1113 carminum

256 1179 320 1223 non
345 1159 414 1224 leve
438 1165 494 1222 θεῖ.
540 1157 663 1224 Deinde
685 1159 819 1223 tortasse
842 1157 876 1220 in
899 1179 928 1219 v.
952 1157 977 1220 Ι.
1001 1159 1031 1239 8,
1054 1159 1112 1221 43:

378 1285 475 1347 ‘nuno
498 1285 577 1349 mibi
601 1305 727 1349 summa
748 1284 823 1348 licet
846 1284 1029 1367 contingere
1053 1283 1156 1346 sidera
1179 1281 1316 1366 plantis’,

426 1393 506 1474 (sive
530 1392 597 1456 dies
622 1411 680 1457 seu
703 1411 770 1455 uox
792 1391 916 1455 venerit
938 1390 992 1453 illa
1013 1408 1085 1454 mea
1107 1391 1167 1474 θεῖ)

254 1515 352 1582 facete
376 1517 475 1581 irrisit
496 1516 622 1581 Horatii
645 1537 776 1582 versum
800 1536 825 1581 c.
848 1516 873 1578 Ι.
899 1515 927 1597 1,
951 1515 992 1578 36

561 1624 703 1690 ‘sublimi
727 1623 838 1688 feriam
861 1623 965 1688 sidera
986 1621 1124 1688 vertice!

254 1745 338 1830 Ergo
358 1745 516 1832 Propertii
535 1752 658 1815 amicus
677 1749 832 1814 Horatius
851 1768 916 1812 non
934 1748 996 1812 fuit
1012 1766 1073 1812 nec
1092 1745 1197 1810 Ovidii
1221 1746 1270 1826 (cf.
1284 1743 1428 1810 Teuffelii
1522 1773 1523 1782 ¹

254 1853 312 1917 litt.
335 1853 425 1920 Rom.
454 1856 526 1921 hist.
550 1880 579 1942 p.
604 1859 679 1939 431,
702 1859 734 1938 4)
762 1861 818 1920 aut
838 1853 972 1920 Domitii
994 1854 1091 1918 Marsi
1120 1854 1169 1934 (cf.
1197 1853 1272 1918 ibid.
1296 1853 1315 1934 ᾗ
1340 1853 1426 1935 243).

344 1960 577 2029 obtrectatores
602 1970 639 2029 ut
661 1965 721 2028 hoc
739 1964 851 2028 addam
872 1961 1035 2046 Propertio
1054 1983 1120 2026 non
1141 1962 1279 2026 defuisse
1298 1980 1349 2022 vv.
1367 1958 1427 2022 111.

256 2068 305 2150 13,
332 2069 428 2152 l3sq.
452 2069 507 2132 IV.
535 2071 563 2153 1,
588 2072 627 2134 12
640 2091 708 2154 sqq.
732 2069 855 2133 docent.
1523 2077 1524 2102 ³

342 2176 473 2240 Amicos
503 2179 622 2241 amicae
646 2183 830 2260 sequautur.
877 2175 990 2240 Statim
1013 2183 1084 2260 post
1106 2175 1227 2240 bullam
1251 2173 1426 2258 depositam

257 2283 389 2348 Veneris
413 2284 579 2368 disciplina
601 2303 658 2368 per
675 2283 853 2366 Lycinnam
876 2284 1019 2348 initiatus
1043 2290 1092 2349 cst
1110 2285 1179 2368 ipso
1199 2286 1281 2346 teste
1297 2299 1349 2341 vr.
1368 2278 1425 2342 IV.

255 2391 306 2472 15,
329 2393 442 2475 3sqq.:

412 2499 467 2562 ‘Ut
489 2499 570 2562 mihi
591 2501 746 2583 praetexti
768 2499 873 2582 pudor
895 2501 944 2562 est
966 2497 1091 2562 velatus
1115 2497 1253 2562 amictus

459 2611 490 2670 et
513 2605 585 2669 data
608 2604 736 2670 libertas
760 2625 894 2670 noscere
917 2607 1033 2669 amoris
1056 2606 1126 2687 iter,

277 2715 279 2722 ’
411 2712 466 2775 illa
488 2713 585 2776 rudes
609 2711 733 2776 animos
756 2731 812 2796 per
835 2719 944 2777 noctes
968 2713 1095 2776 conseia
1117 2713 1237 2795 primas

456 2819 583 2901 imbuit,
605 2820 670 2883 heu
694 2820 792 2883 nullis
815 2825 905 2904 capta
927 2819 1073 2901 Lycinna
1096 2818 1196 2884 datis’

252 2943 291 3005 In
314 2963 409 3008 versu
435 2947 454 3007 3
473 2944 605 3027 Hauptii
630 2951 661 3008 et
681 2943 807 3008 Heinsii
829 2943 974 3008 ‘ablatus’
999 2947 1052 3025 (an
1070 2945 1171 3008 invito
1189 2943 1294 3027 pudor
1312 2948 1423 3026 poetae

254 3056 382 3134 ereptus
402 3053 482 3131 esti)
503 3070 566 3113 non
586 3053 687 3135 magis
706 3051 802 3134 probo
823 3073 919 3135 quam
939 3051 1024 3134 quod
1044 3051 1194 3115 traditum
1213 3055 1261 3114 est
1278 3046 1423 3113 ‘relatus'

253 3163 309 3220 aut
337 3159 424 3240 quod
447 3156 676 3240 Hertzbergius
699 3161 818 3242 recepit
839 3158 972 3223 ‘elatus’
1018 3159 1213 3222 Sententiam
1236 3157 1318 3220 hanc
1342 3155 1423 3219 desi·

253 3264 343 3327 dero:
377 3269 414 3328 ut
445 3265 525 3328 mihi
557 3267 712 3348 praetexti
744 3265 846 3349 pudor
878 3272 927 3330 est
954 3265 1099 3330 sublatus
1131 3265 1276 3329 amictus.
1326 3262 1424 3327 Serva

253 3369 406 3450 Cynthiae
428 3370 574 3453 Lycinna
600 3372 661 3436 fuit
688 3372 725 3435 cf.
753 3393 783 3435 v.
803 3372 858 3438 lv.
889 3373 941 3454 15,
968 3375 1020 3435 43.
1070 3371 1119 3436 Ne
1146 3378 1218 3458 post
1244 3370 1422 3436 absolutam

253 3477 382 3559 quidem
416 3479 551 3562 primam
585 3478 783 3564 disciplinam
810 3479 973 3561 Lycinnae
1005 3479 1168 3544 illecebras
1200 3479 1302 3542 durus
1332 3476 1423 3557 fugit,

253 3583 307 3648 sed
331 3585 521 3669 aliquotiens
545 3587 675 3678 quidem
698 3588 870 3672 pristinum
899 3605 1040 3651 amorem
1068 3592 1157 3671 grato
1185 3587 1290 3650 animo
1318 3602 1422 3648 recor-

253 3691 345 3756 datus
376 3712 447 3758 osse
479 3694 619 3776 videtur,
655 3696 717 3759 nisi
749 3713 802 3758 me
833 3695 926 3777 plane
956 3693 1071 3758 fallunt
1097 3693 1240 3758 eiusdem
1273 3691 1422 3756 carminis

251 3818 363 3863 versus
388 3800 451 3864 duo
475 3802 623 3865 extremi:

409 3906 523 3971 ‘fabula
552 3908 643 3972 nulla
671 3915 742 3972 tuas
772 3909 810 3972 de
838 3908 928 3972 nobis
957 3909 1093 3972 concitet
1115 3927 1218 3989 aures,

455 4020 487 4078 ῖθ
510 4015 610 4078 solam
633 4019 665 4079 et
687 4015 782 4098 lignis
805 4015 927 4079 funeris
949 4021 1044 4080 ustus
1062 4014 1186 4079 amem!

251 4120 410 4185 Plaoanda
437 4127 504 4186 erat
526 4121 683 4204 Lycinna,
711 4141 752 4186 ne
779 4123 863 4206 apud
888 4123 1049 4186 dominam
1072 4124 1106 4184 in
1129 4127 1254 4205 poetam
1278 4122 1420 4185 saeviret.

251 4225 316 4290 Diu
344 4234 450 4292 tamen
478 4228 559 4292 illud
586 4227 748 4309 Lycinnae
777 4230 944 4294 servitium
972 4249 1038 4294 non
1065 4230 1196 4294 durasse
1224 4231 1353 4314 opinor,
1384 4235 1422 4292 ut

250 4336 314 4397 iam
342 4335 491 4418 exposui,
519 4353 583 4396 non
609 4334 744 4418 fugisset
767 4335 942 4419 dominam,
969 4355 1034 4401 non
1061 4338 1217 4402 mentitus
1239 4342 1322 4402 esset
1345 4336 1420 4400 Pro
