3074 4788
121 448 143 508 4
167 465 232 510 non
254 446 364 510 minus
387 464 489 529 quam.
509 465 528 510 a
550 424 690 512 carmine
710 447 729 508 3
754 445 850 511 alieni
873 463 1021 510 seorsum
1043 447 1184 530 ponendi
1208 454 1292 513 sunt.

120 552 211 618 Sexti
233 553 384 622 carminis
407 551 544 616 frustula
568 572 665 635 quam
683 553 766 618 male
785 553 974 618 cohaereant
996 572 1090 618 nemo
1110 573 1175 618 non
1199 555 1293 619 videt.

119 659 159 726 In
188 660 326 726 carmine
358 664 470 724 octavo
498 678 549 722 vv.
579 659 685 721 6-11
713 660 826 725 rudem
860 658 1123 748 versificationem
1158 664 1295 745 sapiunt,

120 773 191 832 tum
205 767 390 832 secernendi
409 770 487 832 sunt
504 786 555 827 vv.
578 766 686 849 l3sq.,
706 766 746 828 15
758 785 815 849 sq.,
837 767 974 846 17-24,
994 767 1295 850 25-2e29-140,

120 873 198 938 haec
220 872 395 956 fragmenta
419 879 503 940 suut.
549 872 580 936 N
582 892 624 936 ou
647 873 757 938 minus
774 873 916 941 lacerum
935 877 984 936 est
1002 892 1143 956 sequens
1166 893 1294 940 carmen

121 999 318 1064 quamquam
341 979 422 1044 nihil
435 981 546 1064 periit.
582 979 712 1044 Rectius
728 979 894 1063 'Hauptius
914 1000 1010 1063 quam
1030 980 1210 1044 Vahlenius
1232 981 1294 1046 hoc

121 1105 249 1152 carmen
271 1086 378 1152 edidit.
425 1086 559 1154 Carmen
586 1087 627 1152 10
649 1087 735 1150 iusto
762 1088 854 1155 initio
878 1092 977 1167 earet,
1005 1106 1200 1170 quamquam
1223 1107 1295 1170 par·

121 1193 218 1258 tioula
241 1193 317 1258 ‘sed’
340 1191 566 1261 Lachmannus
591 1213 711 1258 novum
735 1192 855 1258 librum
878 1194 1017 1278 incipere
1040 1194 1148 1274 iussit,
1170 1192 1294 1258 iustum

122 1305 229 1364 tamen
251 1299 349 1366 finem
373 1301 435 1366 hoc
457 1319 585 1369 carmen
604 1299 699 1364 habet
716 1319 768 1364 vv.
790 1300 900 1382 l9sq.‚
921 1300 1038 1383 reliqui
1055 1319 1169 1364 versus
1193 1319 1294 1366 secer·

122 1407 218 1472 nendi
247 1413 330 1472 sunt.
368 1405 514 1474 Carmina
544 1408 582 1472 11
608 1412 640 1472 et
659 1405 715 1472 22¹¹
738 1407 860 1470 utalia
882 1407 1020 1489 plurima
1043 1408 1185 1472 carmina
1201 1412 1295 1490 poeta

122 1520 196 1580 ante
225 1515 398 1581 editionem
427 1515 579 1580 auxisset.
634 1512 782 1578 Carmina
811 1513 851 1582 13
881 1519 912 1582 et
941 1515 982 1578 18
1008 1513 1064 1578 alii
1097 1518 1182 1578 recte
1210 1512 1293 1576 dire-

122 1626 260 1686 morunt.
297 1619 365 1686 Nec
387 1621 603 1686 minuerer-te
626 1620 661 1684 in
684 1620 880 1688 carminibus
905 1622 947 1688 24
970 1626 1002 1688 et
1025 1621 1066 1687 26
1086 1625 1118 1684 et
1141 1621 1183 1682 28
1208 1638 1293 1684 com·

120 1727 229 1811 plures
252 1732 358 1811 partes
380 1728 435 1793 sui
456 1727 538 1795 iuris
559 1727 659 1792 factae
683 1733 767 1792 sunt.
813 1727 876 1792 Sed
899 1746 1025 1792 carmen
1048 1728 1089 1794 25
1110 1745 1240 1810 quoque
1259 1727 1295 1792 in

121 1835 203 1902 duas
226 1840 331 1900 tresve
353 1839 458 1918 partes
482 1833 623 1914 discedit,
645 1833 720 1900 inde
743 1854 762 1899 a
784 1853 880 1900 vorsu
905 1834 944 1900 21
970 1854 1054 1900 nova
1080 1853 1154 1917 pars
1182 1834 1295 1917 incipit

121 1961 197 2006 cum
215 1942 322 2024 priore
339 1946 433 2024 purte¹
446 1946 582 2006 consuta
598 1942 706 2024 potius
725 1961 823 2023 quam
842 1946 1000 2022 contexta,
1017 1946 1085 2004 tum
1107 1961 1158 2004 vv.
1179 1942 1220 2004 3¹9
1241 1959 1295 2004 us·

121 2067 185 2132 que
213 2048 253 2112 ad
276 2046 375 2116 finem
399 2047 489 2114 nullo
513 2047 608 2112 modo
633 2065 708 2112 oum
735 2047 996 2114 antecedentibus
1023 2047 1199 2114 cohaerent
1245 2045 1294 2112 De

120 2156 260 2223 carmine
281 2156 322 2220 29
341 2159 451 2238 postea
469 2154 593 2237 loquar,
611 2171 746 2224 cannen¹
759 2155 800 2217 30
820 2173 896 2221 vero
916 2161 1007 2220 cente
1027 2160 1086 2235 est,
1103 2173 1153 2216 vv.
1176 2153 1295 2234 1,-12,

122 2261 263 2342 13-18,
287 2262 416 2324 19-22
441 2259 627 2326 secernendi
650 2266 740 2342 sunt,
763 2267 850 2328 recte
870 2262 908 2330 de
931 2262 993 2326 hee
1019 2259 1164 2326 carmine
1182 2259 1295 2326 Heim·

119 2369 258 2436 reiohius
282 2368 358 2433 diss.
381 2388 411 2452 p.
437 2368 478 2430 18
502 2372 534 2432 et
555 2365 818 2451 Eschenburgius
842 2369 915 2434 diss.
938 2389 969 2452 p.
993 2369 1033 2434 37
1062 2369 1293 2436 iudicaverunt

120 2475 254 2542 Carmen
279 2477 320 2540 33
343 2480 428 2540 reete
449 2472 680 2557 Hertzbergius
699 2474 733 2538 in
753 2475 834 2538 duas
852 2480 957 2558 partes
981 2475 1102 2556 divisit·
1120 2495 1172 2536 vv.
1193 2474 1232 2536 21
1245 2492 1292 2555 sq.

120 2583 298 2667 legitimum
321 2580 419 2647 finem
443 2579 587 2646 efficiunt
610 2580 660 2661 (ci.
680 2601 732 2656 vv.
750 2581 811 2644 Ili.
830 2583 883 2663 28,
907 2582 947 2646 61
959 2603 1006 2666 sq.
1025 2582 1083 2646 IV.
1103 2582 1153 2662 10,
1173 2580 1213 2646 31
1225 2583 1293 2662 sq),

121 2710 203 2774 quae
235 2695 389 2756 secuntur
419 2692 512 2771 poeta
542 2693 616 2752 ante
646 2688 777 2754 ianuam
809 2689 934 2772 puellae
961 2711 981 2752 a
1008 2690 1137 2756 domina
1168 2687 1293 2755 admitti

120 2797 368 2882 cupienscanit
415 2795 618 2860 Postremum
642 2813 772 2877 quoqne
794 2815 921 2860 carmen
946 2802 983 2862 ut
1007 2815 1104 2879 supra
1127 2795 1195 2860 dixi
1218 2800 1292 2858 ante

120 2905 289 2972 editionem
302 2902 531 2968 absolvendum
547 2905 643 2983 atque
658 2901 884 2984 expoliendum
895 2907 968 2968 erat.
992 2901 1160 2984 Nusquam
1171 2900 1292 2966 librarii

12 3006 15 3014 ’
120 3016 244 3078 tantum
263 3014 478 3094 peccaverunt
494 3009 529 3072 in
549 3009 726 3072 carminum
748 3009 862 3090 ordine,
875 3013 1032 3092 quantum
1047 3009 1082 3072 in
1095 3007 1194 3071 altero
1210 3007 1291 3070 libro

119 3118 285 3200 tertioque.
309 3115 377 3182 Iam
393 3109 541 3182 si‘onnia
555 3133 638 3198 qnae
653 3134 716 3180 non
732 3116 930 3182 conveniunt
945 3133 1056 3180 seeum
1067 3114 1290 3183 cauninadiu'·

119 3225 248 3304 mimus,
260 3224 384 3307 integra
398 3243 481 3288 nova
494 3223 635 3286 carmina
648 3221 707 3284 hac
722 3240 816 3305 opera
830 3241 894 3284 nen
909 3221 1102 3302 efficiuntur,
1115 3220 1291 3304 fragmenta

118 3329 257 3395 frustula
270 3329 463 3411 efficiuntur,
475 3330 574 3392 immo
588 3329 777 3411 aliquotiens
791 3327 857 3396 sola
871 3328 1036 3400 enuntiata
1050 3327 1186 3410 singulis
1202 3327 1290 3396 disti·

119 3436 187 3503 chis
202 3455 361 3520 expressa
384 3435 464 3500 Eius
479 3437 567 3500 modi
581 3437 755 3502 enuntiatis
764 3435 971 3519 distichisque
981 3440 1073 3518 pocta
1082 3435 1221 3496 amerina
1231 3453 1291 3502 sua

118 3562 255 3626 pangere
275 3544 416 3626 coepisse
431 3542 608 3607 credendus
628 3547 677 3608 est
693 3542 840 3626 plurima,
858 3543 1010 3626 paulatim
1026 3561 1063 3605 ea
1081 3542 1173 3604 auxit
1187 3547 1290 3606 muta-

118 3650 166 3712 vit
183 3649 360 3730 coniunxit,
379 3649 534 3732 quaedam
549 3650 667 3714 intacta
684 3649 824 3732 reliquit,
843 3650 904 3714 alia
922 3648 1081 3715 contraxit
1104 3648 1290 3730 compressit

118 3756 170 3820 vel
193 3756 284 3822 eiecit
307 3755 358 3820 vel
381 3755 527 3820 extinxit.
564 3755 644 3820 Tum
669 3756 728 3820 hos
750 3755 847 3820 libros
871 3777 937 3820 non
961 3756 1063 3820 editos
1087 3773 1157 3818 esse
1176 3775 1194 3818 a
1212 3752 1289 3817 Pro·

116 3863 217 3946 portio
241 3881 368 3929 carmen
393 3863 434 3926 29
459 3862 556 3927 docet.
579 3861 744 3928 ‘hesterna’
768 3863 918 3927 traditum
943 3869 993 3927 est
1014 3863 1168 3946 inprime
1192 3879 1288 3924 versu

118 3969 206 4054 quod
232 3968 406 4034 tenendum
435 3974 497 4049 est,
525 3973 557 4032 et
585 3987 723 4034 eversu
747 3972 788 4034 23
812 3989 933 4038 novum
962 3987 1090 4034 carmen
1117 3968 1229 4050 incipit
1254 3968 1288 4031 id

118 4076 205 4158 quod
232 4074 511 4158 Eschenburgium
538 4094 602 4139 non
630 4076 712 4160 fugit
745 4078 791 4156 (in
820 4065 895 4140 diss
922 4096 951 4159 p.
981 4076 1050 4157 36),
1082 4094 1289 4159 quamquam,

117 4182 225 4264 fateor,
246 4183 396 4248 inversu
420 4191 532 4246 octavo
552 4201 617 4244 non
641 4182 789 4267 ‘arripite’
809 4182 864 4246 sed
883 4182 1026 4266 ‘diripite'
1046 4184 1289 4265 expectaverim,

118 4288 155 4352 cf.
176 4309 204 4351 v.
226 4290 275 4354 21.
321 4289 423 4354 Nemo
448 4295 553 4354 tamen
577 4290 681 4356 adhuc
704 4290 822 4354 vidisse
841 4289 968 4358 videtur
985 4289 1070 4352 idem
1093 4307 1220 4352 carmen
1239 4288 1287 4352 bis

1110 4397 1127 4447 o
