3074 4788
574 297 794 360 -65-

102 494 173 540 essa
197 475 337 540 carmine
362 476 402 538 12
426 481 517 559 poete
548 495 615 539 non
643 475 778 540 obscure
804 475 928 540 fatetur.
974 473 1121 540 Carmina
1146 478 1196 559 13,
1221 478 1272 559 14,

102 583 143 644 15
171 587 257 646 16616
289 581 422 647 sonasse
455 583 564 646 ordine
597 589 758 647 secuntur.
814 582 863 648 De
894 583 1089 648 carminibus
1122 583 1273 665 16-19,

101 689 233 752 21-28
257 709 321 772 quo
339 696 482 774 tempore
501 691 616 772 scripta
636 691 701 753 sint
718 707 783 752 non
802 695 935 755 constat.
972 689 1106 755 Carmen
1126 691 1167 754 32
1186 710 1271 754 anne

95 796 165 858 728
189 795 294 859 medio
312 797 365 861 161
384 802 527 862 extremo
547 798 651 880 potuit
669 796 772 861 scribi.
808 795 920 860 Mense
938 797 1047 862 sextili
1065 799 1126 861 hoc
1144 817 1272 862 carmen

100 904 256 986 scriptum
283 921 354 968 esse
381 903 610 988 Hertabergius
633 923 650 968 6
673 923 771 968 versu
800 903 841 966 10
870 904 1015 988 conlegit.
1067 904 1200 970 Carmen
1230 906 1272 969 34

100 1030 186 1074 anno
209 1015 265 1074 aut
285 1012 348 1075 728
367 1018 508 1076 exeunte
526 1017 582 1076 aut
602 1013 665 1075 729
684 1012 817 1076 ineunte
836 1012 992 1094 scriptum
1010 1031 1081 1076 esse
1100 1033 1151 1075 11.
1173 1013 1212 1076 91
1225 1032 1272 1095 sq.

102 1117 222 1201 quibus
246 1117 359 1183 Gallus
377 1119 481 1183 ‘modo
500 1119 657 1184 mortuus'
678 1119 795 1183 dicitur
813 1124 844 1182 61
861 1118 957 1182 16116
976 1118 1092 1184 Donati
1115 1124 1274 1184 testantur

102 1226 160 1308 qui
178 1225 256 1288 haec
274 1226 351 1289 dicit
369 1225 470 1306 (Belli.
490 1226 576 1292 Suet.
596 1227 649 1291 161.
665 1247 695 1310 p.
717 1225 783 1307 en:
802 1226 974 1289 ‘Aeneidos
993 1227 1126 1290 vixdum
1145 1232 1281 1310 coeptae

100 1337 189 1395 tante
203 1332 406 1397 6111116116
419 1339 457 1397 ut
472 1333 502 1398 S.
517 1333 702 1418 Propertius
717 1353 782 1397 non
804 1333 995 1398 dubitaverit
1017 1336 1063 1398 sie
1077 1335 1271 1418 praedicare:

264 1440 375 1505 ‘cedite
396 1440 535 1504 Romani
558 1442 739 1524 scriptores,
761 1441 863 1504 cedite
887 1439 973 1524 Grai,

317 1548 426 1612 nescio
447 1548 524 1631 quid
548 1549 653 1612 maius
674 1548 817 1611 nascitur
839 1547 957 1630 Iliade’,

102 1655 273 1738 Augustus
295 1673 384 1736 1616,
411 1675 486 1720 nam
509 1655 588 1720 forte
611 1655 814 1738 expeditione
837 1654 1022 1720 Cantabrica
1045 1655 1274 1721 aberat....ef-

102 1761 257 1844 flagitaret
274 1766 312 1825 ut
330 1761 391 1826 sibi
411 1762 449 1826 de
467 1764 611 1828 Aeneide
621 1812 700 1826 .....
712 1763 763 1826 161
781 1763 885 1846 prima
900 1763 1051 1826 carminis
1070 1764 1275 1847 hypographa

102 1869 154 1931 vel
178 1867 341 1952 quodlibet
364 1869 456 1932 colon
479 1871 618 1934 mitteret
641 1871 694 1934 oui
716 1875 823 1933 tamen
846 1870 949 1933 multo
978 1875 1050 1952 post
1072 1869 1275 1954 perfectaque

103 1975 234 2040 demum
253 1976 386 2039 materia
403 1980 467 2040 tres
486 1980 617 2042 omnino
636 1977 735 2040 libros
757 1978 902 2041 recitavit
921 1977 1099 2040 secundum
1123 1983 1274 2061 quartum

105 2081 254 2146 sextum’.
299 2081 371 2148 Hoc
389 2104 464 2149 1616
487 2103 616 2149 carmen
639 2089 821 2149 extremum
839 2089 877 2148 ut
895 2103 936 2148 ex
954 2083 1100 2148 versibus
1123 2086 1275 2150 extremis

102 2190 329 2255 85--3411116
357 2193 515 2256 conicitur
541 2193 626 2257 tertii
655 2191 727 2256 libri
754 2191 828 2256 finis
856 2191 987 2255 fubrrus
1015 2198 1094 2275 erat,
1122 2193 1274 2256 nimirum

102 2302 272 2380 postquam
301 2297 489 2364 absolvisset
517 2306 549 2364 et
575 2300 776 2365 emendasset
809 2317 891 2382 quae
922 2299 1062 2362 limanda
1094 2301 1276 2385 castiganda

103 2405 359 2470 circumcidenda
380 2407 489 2471 relicta
512 2415 610 2472 erant.
655 2406 765 2491 Longe
783 2407 922 2490 plurima
939 2407 1038 2490 igitur
1061 2406 1192 2471 alterius
1214 2413 1275 2472 tar·

103 2511 205 2594 tiique
227 2512 302 2576 libri
320 2516 460 2578 carmina
479 2517 572 2580 annis
587 2515 715 2577 727-7
720 2515 762 2577 29
781 2514 934 2596 (ineunte)
953 2513 1274 2597 comprehenduntur.

192 2619 232 2682 In
256 2623 361 2704 quarti
388 2621 460 2685 libri
487 2623 578 2686 initio
611 2621 770 2685 tumultus
794 2639 859 2684 non
882 2626 1046 2703 apparent,
1079 2641 1275 2705 quamquam

105 2745 171 2790 non
193 2727 287 2810 plene
306 2746 457 2793 serenum
476 2735 525 2794 est
543 2729 678 2810 caelum,
701 2727 738 2791 cf.
761 2748 813 2790 11.
839 2729 868 2810 5,
892 2729 926 2808 2,
952 2727 981 2810 6,
1006 2729 1061 2808 38;
1086 2747 1112 2791 c.
1136 2730 1164 2792 8.
1203 2728 1276 2793 Car·

104 2835 191 2896 mino
217 2835 258 2897 13
281 2823 586 2921 nubes'congregari
605 2837 772 2919 incipiunt,
795 2835 942 2898 dominae
960 2835 1125 2898 avaritiam
1143 2834 1276 2899 fastum-

105 2959 170 3023 que
191 2941 347 3024 pudicum
370 2942 564 3006 carminibus
590 2944 630 3006 13
654 2949 685 3007 et
710 2942 751 3005 14
778 2942 973 3026 perstringit,
1000 2943 1139 3005 carmine
1165 2943 1276 3006 15111-

105 3047 214 3112 dutiae
237 3048 336 3112 laetae
361 3055 450 3132 sunt,
474 3069 554 3132 quas
577 3051 717 3113 carmine
743 3049 782 3111 16
805 3069 870 3133 pax
898 3048 1054 3132 quaedam
1083 3054 1192 3112 secuta
1219 3055 1277 3130 est,

105 3156 286 3219 acarmine
311 3157 350 3219 17
375 3176 452 3222 1616
476 3157 615 3222 amicitia
641 3156 750 3239 rapido
774 3176 873 3220 eursu
896 3154 1039 3237 tabescit,
1066 3174 1206 3219 amorem
1228 3157 1276 3218 in·

104 3261 327 3327 felicissimum
350 3270 388 3328 ut
411 3264 561 3329 1116611161
583 3269 675 3347 poeta
698 3263 848 3328 omnibus
871 3262 993 3326 viribus
1017 3262 1144 3344 nititur,
1171 3262 1276 3327 denuo

106 3368 146 3432 ab
168 3372 289 3434 Amore
312 3373 488 3437 miserrime
511 3377 649 3436 torretur
670 3372 705 3433 in
729 3372 869 3435 carmine
893 3371 950 3453 20,
978 3370 1082 3434 denuo
1111 3371 1278 3453 impugnat

105 3483 233 3560 turpem
264 3497 418 3562 amorem,
450 3480 588 3562 denique
620 3497 748 3542 omnem
777 3497 866 3561 spem
891 3497 973 3563 quae
995 3481 1191 3541 remanserat
1213 3475 1277 3559 (11.

107 3585 162 3665 23,
186 3585 320 3668 l2sqq.)
344 3586 465 3650 dimisit
483 3586 706 3669 perfidumque
724 3586 1005 3669 perniciosumque
1029 3584 1125 3647 deum
1146 3583 1278 3667 fugavit,

104 3691 245 3774 puellam
269 3690 433 3757 abdicarit.
478 3693 519 3757 In
545 3694 605 3757 hoc
632 3692 712 3755 libro
740 3712 808 3756 nen
836 3692 942 3755 solum
969 3692 1069 3753 amori
1097 3690 1276 3754 sedetiam

106 3799 218 3862 amicis
241 3799 436 3865 celebrandis
459 3800 636 3864 Maecenati
658 3799 812 3864 Postumo
835 3799 933 3863 Paeto
956 3797 1047 3861 Tullo
1075 3816 1202 3882 operam
1226 3799 1278 3863 de-

107 3906 162 3969 dit.
207 3904 271 3969 Hie
293 3906 373 3972 liber
395 3927 496 3972 annos
522 3908 696 3970 729-732
721 3906 951 3991 complectitur.
997 3904 1146 3968 Carmina
1168 3906 1189 3966 4
1208 3907 1277 3968 615

107 4032 193 4076 anno
220 4013 283 4075 729
306 4019 445 4079 exeunte
467 4019 541 4078 ante
563 4014 783 4098 expeditiones
802 4015 836 4076 in
854 4012 1002 4076 Arabiam
1028 4017 1059 4076 et
1077 4012 1278 4095 Aethiopiam

108 4125 274 4203 susceptas
298 4122 415 4204 scripta
441 4140 510 4186 esse
543 4121 700 4186 videntur.
746 4118 794 4183 De
822 4125 922 4184 terrae
954 4125 1045 4184 motu
1071 4119 1107 4182 in
1129 4140 1158 4182 1.
1184 4119 1212 4200 5,
1237 4120 1278 4182 33

108 4233 354 4292 commemorato
384 4228 474 4291 doleo
503 4227 589 4311 quod
606 4227 688 4290 nibil
711 4228 883 4310 comperire
906 4228 1010 4311 potui;
1035 4227 1073 4290 de
1092 4224 1168 4289 solis
1188 4226 1279 4288 atrati

107 4336 141 4398 in
174 4355 204 4396 1.
236 4336 267 4418 5,
294 4337 337 4398 34
365 4335 507 4398 adiuncti
536 4353 620 4398 anno
652 4335 826 4398 astronomi
858 4333 991 4398 fumasse
1018 4333 1188 4416 aliquando
1220 4351 1278 4396 nos

108 4442 258 4506 certiores
290 4441 414 4507 facient
460 4441 595 4507 Carmen
625 4442 666 4503 12
702 4441 834 4505 16116666
861 4447 947 4505 16616
974 4459 1058 4503 anuo
1084 4439 1146 4502 732
1175 4440 1278 4524 adsig-

1103 4545 1119 4597 5
