3074 4788
758 244 977 306 „40-

283 428 405 506 praeter
427 420 605 503 Didymum
629 421 714 502 (vide
738 420 822 485 Plut.
845 420 906 484 Sol.
930 418 967 514 13)
993 439 1104 486 omnes
1128 417 1334 483 tradiderunt.
1380 415 1458 480 For·

282 535 367 594 tasse
384 529 545 593 recondita
559 529 666 612 ahqua
678 528 784 592 fabula
796 528 850 591 ille
868 526 1081 592 Erechtheum
1102 544 1232 610 quoque
1251 525 1334 590 inter
1351 525 1460 607 gentis

284 641 429 700 auctores
449 636 569 702 habuit.
606 636 729 700 Versus
750 636 788 698 31
810 635 915 698 adhuc
934 635 1121 698 emendatus
1139 637 1284 697 nonest
1323 631 1459 695 066166-
1528 665 1529 670 1

225 784 227 788 -
282 744 358 806 tiam
378 743 521 808 desidero
540 745 635 808 hanc:
660 748 696 806 tu
716 741 850 805 Battidis
873 742 1017 825 propriae
1040 741 1166 824 puellae
1188 757 1363 804 memorem
1385 739 1460 802 imi-

282 857 349 914 tare
372 850 529 914 Philotam
553 870 618 914 non
647 848 748 912 inflati
776 850 901 912 somnia
929 848 1121 912 Callimachi.
1163 847 1215 912 Sic
1243 845 1461 912 Callimachus

283 957 418 1022 aliorum
441 976 565 1020 amores
589 957 648 1020 etsi
672 956 781 1020 eadam
809 955 919 1038 gracih
946 956 1048 1020 forma
1075 956 1208 1020 fortasse
1229 954 1332 1018 multo
1355 954 1461 1038 graci-

282 1063 361 1128 liore
384 1063 431 1144 (61
451 1084 503 1126 vv.
523 1063 578 1128 IV.
600 1065 628 1144 9,
647 1065 690 1126 43
702 1065 758 1147 sq.)
780 1062 941 1128 celebrans
961 1063 1108 1145 castigari
1125 1062 1239 1145 potuit,
1258 1079 1460 1144 quamquam

284 1189 424 1253 sequens
448 1188 576 1235 carmen
606 1170 716 1234 ordine
739 1191 758 1234 a
781 1175 874 1254 poeta
902 1189 968 1234 non
995 1169 1093 1234 inlato
1123 1169 1235 1252 incipit
1260 1167 1461 1231 ‘Callimachi

283 1295 394 1340 manes
424 1283 456 1340 et
484 1276 539 1342 061
568 1297 654 1342 66616
681 1277 832 1341 Philetae’
861 1283 918 1342 eto.
964 1277 1057 1342 Addo
1084 1284 1209 1360 poetam
1243 1274 1341 1341 semel
1373 1279 1461 1338 certe

284 1403 349 1446 non
373 1384 465 1466 plane
490 1384 550 1448 sibi
578 1385 703 1448 stetisse
726 1386 760 1446 in
784 1405 834 1447 vr.
858 1385 917 1448 ΙΙΙ.
943 1386 995 1466 10,
1019 1386 1060 1446 25
1084 1390 1116 1447 61
1141 1383 1192 1464 13,
1214 1383 1243 1446 4.
1289 1380 1460 1444 Praeterea

284 1510 479 1574 quamquam
506 1491 714 1556 Heimreichii
743 1489 877 1574 (quaest.
906 1492 999 1576 Prop.
1029 1492 1102 1554 diss.
1126 1510 1155 1573 p.
1180 1489 1222 1551 46
1242 1488 1302 1572 sq.)
1326 1492 1359 1552 et
1381 1485 1458 1550 Rib-

283 1597 387 1661 bechii
410 1598 516 1682 (Verg.
542 1598 618 1681 prol
642 1619 670 1681 p.
702 1600 755 1678 57)
780 1601 919 1684 argutias
947 1597 1080 1682 probare
1108 1617 1173 1661 666
1196 1615 1342 1680 possum,
1369 1599 1459 1658 ante·

284 1725 381 1787 quam
404 1711 496 1788 poeta
519 1725 646 1768 carmen
670 1705 728 1768 ΙΙΙ.
754 1707 795 1768 34
820 1706 984 1788 edidisset,
1013 1705 1243 1790 perpolivisset.
1289 1701 1459 1782 Lynceum

282 1811 440 1876 Thebaida
463 1813 627 1895 scripsisse
654 1831 705 1874 vv.
732 1814 772 1876 39
793 1833 839 1895 sq.
868 1832 934 1876 non
956 1813 1050 1897 plane
1073 1811 1218 1877 efficitur.
1263 1809 1385 1876 Similis
1410 1815 1460 1873 est

283 1917 411 1999 Lynceo
437 1919 570 2002 scriptor
592 1920 743 1982 carminis
772 1919 859 2002 quod
881 1919 1064 1984 inscribitur
1086 1917 1194 1982 ‘etsist
1236 1916 1299 1980 Hic
1327 1935 1458 1999 quoque

282 2027 477 2108 provectiore
509 2031 610 2090 aetate
642 2025 764 2106 scribit,
795 2027 1013 2111 philosophiae
1040 2032 1089 2090 est
1117 2025 1241 2090 deditus
1271 2023 1459 2106 Epicureae,

283 2151 348 2196 non
372 2132 476 2196 solum
503 2133 640 2198 honores
666 2134 766 2216 gessit
793 2134 849 2198 sed
877 2135 972 2198 etiam
1001 2134 1142 2198 carmina
1169 2133 1296 2196 iuvenis
1320 2133 1458 2214 scripsit,
1530 2149 1531 2188 1

260 2315 262 2320 Ι
285 2245 321 2302 ut
343 2239 411 2322 ipse
434 2241 467 2302 in
492 2240 624 2303 exordio
650 2245 791 2304 testatur.
830 2241 953 2306 Verum
978 2242 1037 2304 hoc
1060 2257 1187 2306 carmen
1211 2238 1378 2304 Messallae
1402 2244 1459 2301 aut

282 2345 347 2408 11116
380 2352 435 2409 661
467 2348 573 2429 nepoti
607 2347 787 2411 dedicatum
811 2353 860 2411 est
882 2353 914 2412 et
937 2348 1091 2431 scriptum
1122 2353 1195 2431 post
1226 2366 1349 2412 anuum
1384 2346 1458 2426 131,

284 2453 453 2517 exordium
466 2453 572 2517 hercle
591 2461 713 2537 poterat
731 2455 825 2517 etiarn
845 2474 863 2517 a
881 2455 1065 2537 panegyrici
1083 2453 1308 2520 inMessallam
1327 2457 1457 2516 auctore

285 2558 387 2622 scribi.
435 2557 614 2634 Quamnam
642 2561 903 2645 philosophorum
933 2566 1050 2624 sectam
1078 2560 1229 2643 Lynceus
1256 2566 1388 2626 secutus
1415 2561 1457 2624 sit

195 2754 197 2758 Ι
285 2665 346 2728 dici
367 2667 488 2748 nequit.
518 2667 640 2732 Versus
657 2669 787 2731 51-54
806 2673 927 2751 poterat
944 2674 1036 2750 poeta
1055 2669 1093 2732 de
1112 2689 1170 2734 sua
1188 2667 1386 2750 philosophia
1404 2667 1456 2730 ad-

284 2772 358 2836 dere
391 2773 427 2838 61.
455 2773 494 2836 61.
523 2773 578 2836 IV.
609 2775 642 2855 5,
670 2776 711 2836 25
736 2794 783 2858 sq.
838 2773 921 2856 Ergo
954 2781 1129 2858 utrumque
1160 2781 1285 2858 poetam
1318 2774 1455 2838 eundem

284 2899 354 2944 esee
377 2900 441 2943 non
464 2887 569 2964 potest
592 2880 811 2945 demonstrari.

374 2986 494 3051 Omnes
527 2988 560 3050 hi
591 2995 702 3070 poetae
734 2988 890 3073 Propertii
927 2991 1021 3055 amici
1053 2989 1234 3052 inferiorem
1271 2989 1306 3051 in
1343 2987 1455 3052 litteris

283 3093 435 3158 Romanis
458 3095 563 3158 locum
588 3101 705 3176 tenent,
728 3102 835 3162 tamen
859 3097 953 3160 etiam
977 3117 1052 3160 cum
1076 3095 1270 3179 quibusdam
1298 3094 1455 3158 clarorum

283 3209 447 3283 poetarum
471 3203 609 3265 amicitia
632 3203 824 3268 coniunctus
848 3210 922 3268 erat
969 3202 1101 3286 Vergilii
1129 3222 1162 3266 se
1190 3203 1330 3266 amicum
1357 3202 1454 3266 1111666

282 3309 351 3391 ipse
380 3314 514 3372 testatur
541 3308 793 3374 luculentissime
817 3330 868 3375 vr.
893 3309 951 3373 ΙΙΙ.
977 3312 1034 3391 34,
1058 3311 1097 3372 61
1124 3330 1193 3394 sqq.
1222 3311 1305 3372 circa
1334 3329 1452 3372 aunum

287 3416 349 3478 729
370 3415 421 3478 vel
442 3416 505 3479 730
525 3417 659 3499 scriptis.
688 3415 792 3480 Ovidii
812 3418 1043 3482 consuetudine
1062 3437 1138 3482 eum
1156 3436 1212 3500 per
1231 3416 1360 3499 aliquod
1379 3421 1453 3480 tem·

283 3542 345 3606 pus
369 3543 466 3588 usum
490 3541 560 3588 esse
584 3521 719 3588 Ovidius
744 3529 878 3588 testatur
901 3524 1000 3606 (Trist.
1024 3544 1075 3586 vv.
1100 3524 1155 3586 IV.
1183 3526 1233 3604 10,
1256 3525 1299 3586 45
1324 3543 1371 3607 sq.
1395 3524 1452 3602 53).

286 3629 377 3694 01166
400 3650 520 3694 annum
547 3631 609 3694 135
634 3633 773 3695 maxime
797 3632 874 3696 haec
897 3632 1067 3714 utriusque
1091 3631 1289 3698 consuetudo
1314 3630 1453 3696 extitisse

285 3737 413 3802 videtur
436 3738 484 3818 (61
508 3737 678 3804 0611161.
702 3737 758 3802 lV.
785 3739 836 3820 10,
861 3738 901 3801 50
926 3740 1017 3821 sqq).
1049 3733 1240 3822 ‘Propertius
1264 3738 1452 3802 616161666-

286 3864 382 3927 quam
411 3845 566 3909 meminit.
606 3845 784 3910 Sescenties
807 3844 941 3909 Ovidius
965 3847 1058 3910 amici
1078 3846 1147 3914 ‚vivi
1170 3851 1202 3910 et
1224 3845 1343 3909 mortui
1369 3844 1451 3907 locu-

287 3953 390 4016 tiones
413 3959 444 4016 61
466 3951 562 4016 verba
584 3954 753 4035 praedatus
781 3955 849 4018 suis
877 3950 1073 4018 carminibus
1096 3953 1238 4018 inseruit
1276 3951 1450 4017 Cornelium

284 4057 412 4122 Gallum
441 4081 459 4122 6
486 4059 649 4142 Propertio
683 4061 716 4122 in
745 4063 884 4126 66116166
913 4059 974 4126 ΙΙΙ.
1004 4061 1046 4124 34
1079 4064 1363 4126 commemoratum
1395 4079 1450 4124 sua

284 4185 381 4230 nranu
415 4186 498 4230 anno
529 4167 592 4229 728
625 4172 789 4231 mortuum
823 4168 871 4247 (61.
890 4167 951 4234 Dio
981 4189 1006 4234 6.
1037 4169 1089 4248 53,
1113 4168 1166 4253 23)
1199 4187 1255 4252 por
1278 4168 1450 4252 complures

283 4279 321 4342 ut
340 4272 465 4342 videtur
484 4279 644 4342 extremos
668 4275 750 4338 vitae
774 4294 885 4356 66666,
908 4276 982 4342 1616
1005 4275 1044 4339 ab
1067 4296 1151 4340 auno
1173 4275 1451 4360 latornum,
