3074 4788
589 297 808 362 ...79-

110 481 169 538 est.
217 474 349 540 Carmen
372 477 580 542 undecimum
605 478 806 542 simillimum
830 483 878 542 est
905 480 1056 542 extremis
1084 481 1188 562 quarti
1212 479 1284 543 libri

110 582 318 664 carminibus,
341 584 567 649 duodecimum
590 603 665 650 vero
690 587 794 650 simile
817 585 1013 650 carminibus
1036 585 1117 649 112
1143 591 1174 650 et
1198 589 1216 648 3
1240 589 1284 652 ita

111 693 150 752 ut
172 695 281 772 putem
306 693 444 756 camnine
466 692 503 754 11
521 681 660 757 'alterum
682 693 799 756 librum
822 692 915 756 finire
938 696 1077 758 carmine
1099 696 1138 758 12
1162 712 1283 760 novum

109 797 230 862 librum
258 799 398 884 incipere
421 805 547 883 poetam
576 800 725 864 voluisse.
770 799 855 884 Ergo
884 799 1014 865 alterius
1037 799 1110 863 iibri
1135 801 1283 865 divisioni

56 909 59 918 '
110 903 173 967 alio
192 909 298 970 tamen
317 905 386 969 loco
407 924 503 989 quam
522 903 748 971 Lachmannus
766 907 869 970 voluit
887 909 1102 972 instituendae
1120 910 1284 992 complura

109 1009 228 1075 favent.
273 1012 388 1077 'ilibus
421 1017 528 1077 tamen
561 1016 756 1098 argumentis
789 1012 921 1078 feliciter
953 1017 1169 1100 impugnatur.
1215 1016 1284 1080 Pri·

109 1135 202 1181 mum
229 1119 302 1183 libri
325 1122 533 1204 manuscripti
556 1121 638 1184 hano
661 1121 852 1185 divisionem
876 1140 1044 1205 nunquam
1074 1131 1283 1207 agnoverunt,

109 1243 307 1314 quamquam
327 1247 367 1291 ne
385 1229 508 1312 primus
528 1228 657 1311 quidem
677 1227 756 1291 liber
774 1230 808 1291 in
828 1228 991 1293 codicibus
1006 1228 1044 1292 ab
1063 1229 1162 1294 altero
1182 1249 1282 1296 secer-

107 1333 199 1396 nitur
221 1333 268 1416 (in
291 1333 370 1399 libro
395 1334 599 1419 Groningano
624 1356 642 1398 a
666 1336 806 1399 secunda
833 1337 952 1416 manu).
1005 1335 1128 1402 Deinde
1156 1337 1283 1402 Nonius

108 1459 141 1523 p.
167 1440 229 1504 169
253 1441 314 1505 sub
337 1459 415 1506 voce
439 1442 614 1506 secundare
631 1462 661 1505 v.
686 1441 742 1505 IV.
768 1444 821 1524 21,
846 1443 900 1505 14:

241 1620 244 1626 ,
269 1549 342 1612 ‘iam
365 1549 526 1632 liquidum
550 1551 657 1612 nautis
682 1569 759 1614 aura
782 1549 936 1613 secundat
957 1549 1037 1632 iter’,
1108 1619 1111 1628 ,

107 1655 202 1718 tertio
224 1655 303 1719 libro
327 1657 481 1740 attribuit,
504 1674 702 1740 quamquam
719 1656 825 1720 Nonio
849 1664 886 1721 ut
908 1657 1027 1721 multas
1047 1658 1130 1722 hanc
1150 1677 1281 1744 quoque

107 1761 342 1846 neglegentiam
371 1765 634 1829 condonaremus.
680 1763 752 1827 Non
777 1771 883 1828 tamen
906 1763 1005 1847 probo
1036 1767 1175 1849 argutias
1200 1787 1280 1850 quas

108 1869 148 1932 de
167 1869 292 1934 duabus
310 1870 502 1935 editionibus
521 1869 676 1954 Propertii
694 1871 827 1954 protulit
845 1870 967 1936 Birtius
987 1872 1028 1953 (d.
1048 1872 1154 1936 antike
1173 1871 1281 1938 Buch-

106 1995 215 2042 wesen
243 1997 271 2062 p.
302 1979 366 2040 423
400 1983 431 2041 et
462 1979 497 2041 in
528 1979 704 2041 novissimo
737 1977 840 2042 Musei
873 1975 1020 2043 Rhenani
1053 1977 1218 2044 volumina
1250 2001 1279 2065 p.

109 2085 305 2170 198-221).
350 2084 500 2168 Denique
522 2091 680 2169 repugnat
702 2105 732 2147 v.
755 2085 816 2149 ΠΙ,
840 2088 893 2169 24,
917 2089 950 2150 1;

267 2194 478 2278 ‘tuloqueris
502 2211 577 2256 cum
601 2195 645 2256 sis
669 2195 731 2257 iam
757 2199 832 2258 noto
855 2193 962 2258 fabula
984 2192 1083 2276 libro’,

106 2301 161 2363 hio
179 2300 260 2366 liber
283 2306 330 2365 est
353 2301 431 2364 liber
452 2301 588 2384 primus,
610 2318 685 2384 ergo
709 2301 785 2366 alter
810 2301 890 2366 liber
911 2301 1057 2364 nondum
1081 2300 1186 2365 editus
1205 2301 1279 2379 er'at,

108 2409 194 2490 quod
216 2405 441 2473 Lachmannus
471 2409 616 2474 concedit
643 2409 752 2473 dicens
774 2410 909 2473 alterum
939 2410 1133 2491 tertiumque
1160 2408 1277 2473 librum

106 2535 173 2578 una
205 2515 305 2580 editos
337 2533 415 2580 esse.
470 2515 735 2600 Unumquodque
768 2521 994 2600 argumentum
1026 2535 1083 2600 per
1111 2533 1145 2579 se
1173 2517 1277 2580 solum

105 2622 343 2708 inexuperabile
379 2624 642 2706 impedimentum
675 2642 742 2686 non
775 2629 837 2705 est,
880 2625 939 2687 tria
975 2641 1051 2687 vero
1090 2629 1278 2707 argumenta

105 2731 276 2795 coniuncta
307 2715 523 2814 conspirantia
554 2751 620 2795 nou
652 2736 770 2796 temere
797 2732 969 2795 reiecerim.
1026 2729 1148 2794 Iterum
1181 2737 1278 2815 atque

104 2840 223 2902 iterum
246 2839 327 2902 hanc
351 2838 389 2902 de
412 2837 566 2902 librorum
587 2839 696 2902 ordine
717 2839 935 2922 quaestionem
959 2839 1139 2902 instituenti
1161 2845 1277 2902 retrac-

104 2945 186 3008 tanti
208 2945 267 3008 hac
290 2946 359 3009 sola
380 2947 502 3010 ratione
521 2947 627 3010 omnia
647 2965 729 3030 quae
748 2947 787 3010 de
805 2946 903 3008 altero
921 2946 1078 3028 tertioque
1102 2942 1182 3007 libro
1202 2965 1276 3008 eon-

105 3057 190 3116 stant
222 3053 375 3138 explicari
408 3057 439 3116 et
466 3053 629 3116 conciliari
660 3055 743 3117 inter
770 3071 804 3117 ae
828 3052 906 3116 mihi
933 3068 1028 3136 posse
1060 3051 1211 3116 videntur
1239 3058 1277 3116 ut

105 3159 260 3242 dicamne,
281 3165 408 3245 poetam
431 3160 490 3224 hos
514 3160 613 3224 libros
636 3177 804 3244 nunqnam
824 3159 962 3223 edidisse
981 3177 1040 3223 nec
1058 3157 1199 3222 edendos
1222 3159 1276 3222 ab·

104 3269 250 3350 solvisse,
281 3273 408 3352 poetam
441 3267 579 3332 edidisse
610 3268 753 3352 primum
786 3273 937 3350 quartum
967 3268 1118 3350 quintum
1135 3265 1275 3349 librum,

103 3375 227 3460 reliqua
251 3374 289 3438 ab
312 3377 421 3440 amicis
445 3381 672 3460 postmortem
700 3380 810 3457 poetae
833 3375 867 3436 in
896 3373 1022 3438 schedis
1051 3375 1122 3438 eius
1149 3381 1274 3458 reperta

104 3488 200 3566 atque
224 3485 307 3547 sicut
329 3489 419 3547 erant
441 3488 564 3566 reperta
581 3501 641 3546 nec
660 3483 784 3546 minuta
806 3499 866 3545 nec
884 3487 977 3546 aucta
996 3481 1079 3544 edita
1102 3499 1180 3563 esse,
1203 3482 1275 3564 plu-

103 3591 183 3654 rima
216 3589 355 3654 carmina
387 3610 453 3654 non
486 3589 630 3654 absoluta
658 3589 714 3652 sed
741 3589 847 3674 qualia
878 3593 972 3672 poeta
1002 3587 1177 3670 reliquerat
1208 3607 1274 3652 non

103 3696 262 3762 elaborata
285 3699 462 3761 carminum
486 3697 668 3762 rudimenta
690 3696 882 3760 lineamenta
899 3695 1084 3780 fragmenta.
1123 3694 1221 3759 Poeta
1239 3697 1274 3758 in

103 3806 210 3868 animo
233 3805 345 3869 habuit
368 3805 507 3868 carmine
533 3805 571 3865 11
597 3805 731 3868 alterum
754 3802 872 3867 librum
892 3804 986 3865 cuius
1009 3803 1184 3886 posteriora
1207 3823 1274 3866 car·

103 3913 191 3978 mina
212 3913 288 3976 inde
306 3932 325 3975 a
343 3919 434 3977 sexto
459 3913 566 3975 omnia
588 3911 734 3994 augenda
757 3909 945 3993 expolienda
968 3908 1161 3973 absolvenda
1184 3915 1274 3973 erant

102 4019 209 4100 finire,
241 4021 380 4084 carmine
406 4020 445 4082 12
473 4037 595 4082 novum
629 4017 747 4081 librum
780 4017 921 4099 incipere
953 4017 1047 4078 canus
1080 4015 1273 4098 paucissima

103 4127 244 4190 carmina
266 4127 401 4191 absolvit
424 4141 520 4209 quem
544 4131 648 4188 tetum
671 4127 740 4208 ipse
763 4142 822 4186 nec
846 4122 979 4186 absolvit
1002 4141 1060 4185 neo
1084 4122 1194 4203 edidit,
1217 4123 1273 4185 aed

103 4233 196 4296 amici
221 4252 303 4317 quae
326 4234 408 4298 edita
427 4251 490 4296 non
511 4239 602 4296 erant
626 4249 690 4294 uno
713 4231 793 4294 libro
817 4231 992 4294 ediderunt.
1026 4228 1272 4292 Consideremus

102 4341 218 4404 iterum
242 4361 293 4403 vv.
317 4341 372 4404 IV.
397 4342 426 4422 2,
452 4341 549 4423 lbaq.
