3074 4788
591 305 810 366 ..43-

112 483 186 546 rius
212 488 244 546 et
269 481 373 546 Tucca
400 481 534 566 Vergilii
561 488 594 547 et
620 481 746 546 Horatii
780 479 1024 546 contubernales
1056 480 1214 544 habentur
1240 480 1288 542 in·

113 589 242 654 lustres'
271 587 371 670 (aaa
399 609 428 672 p.
458 590 519 668 48).
566 588 654 653 Inter
683 589 810 653 Callum
839 593 871 653 et
897 587 1100 672 Propertium
1133 587 1215 650 nihil
1240 587 1288 650 iu·
1371 638 1373 642 .

112 697 219 760 vidiae
243 702 298 760 aut
319 697 382 761 luit
406 697 453 777 (cf.
473 716 499 762 c.
518 694 577 760 ΙΙΙ.
599 697 640 760 34
659 695 737 779 fiel,
755 703 812 762 aut
830 715 900 760 esse
916 695 1029 779 potuit.
1064 693 1149 778 Ergo
1167 693 1290 756 invidia

112 805 200 867 inter
228 823 261 867 se
289 802 440 870 ardebant
462 802 648 886 Propertius
676 807 708 866 et
734 803 851 886 reliqui
878 809 1002 886 praeter
1030 801 1164 866 Callum.
1214 801 1288 864 Non

113 915 165 976 est
192 929 288 974 causa
315 929 373 974 cur
400 911 438 974 de
466 910 525 973 hec
552 928 586 974 re
615 908 806 974 dubitemus.
853 909 1018 976 Praeterea
1045 909 1177 974 fortasse
1204 913 1289 974 recto

114 1023 193 1082 sunt
221 1037 303 1102 quae
330 1016 501 1082 Paldamus
529 1015 709 1098 (Rdmische
732 1016 841 1085 Erotik
865 1037 894 1102 p.
918 1017 973 1097 40)
1006 1017 1044 1081 de
1068 1015 1192 1080 duabus
1214 1034 1288 1099 poe·

113 1131 221 1188 tarum
254 1125 347 1189 sectis
380 1124 566 1208 disputavit,
600 1143 737 1206 quarum
770 1123 868 1189 altera
895 1123 1021 1188 Horatii
1050 1124 1200 1207 auspiciis
1227 1121 1289 1186 Ro·

113 1252 227 1296 manas
244 1252 296 1297 res
312 1231 430 1296 Graeca
448 1231 549 1294 torma
568 1230 749 1294 scribendas
768 1250 837 1296 esse
856 1231 989 1312 censuit,
1008 1231 1141 1296 alterae
1161 1229 1289 1294 Graecis

115 1360 192 1404 cum
215 1339 314 1402 forma
343 1338 481 1421 quodam
508 1337 602 1402 modo
630 1357 680 1401 res
704 1357 835 1424 quoque
867 1337 1086 1428 describendas
1114 1337 1290 1421 desumpsit

113 1445 344 1530 praeeuntibus
368 1443 491 1509 Catullo
519 1444 757 1534 Propertioque.
803 1443 927 1509 Horatii
954 1446 988 1508 in
1016 1450 1081 1509 arte
1104 1444 1228 1528 poetica
1251 1445 1289 1507 de

114 1553 230 1618 Plauto
255 1552 377 1616 Catullo
400 1553 470 1616 aliis
492 1551 609 1615 iudicia
633 1550 721 1632 (Hor.
745 1571 792 1637 ep.
816 1573 845 1614 v.
869 1552 894 1615 Ι.
921 1553 971 1634 19,
996 1553 1037 1616 23
1061 1550 1152 1637 Prop.
1176 1551 1232 1615 IV.
1260 1549 1290 1634 1,

118 1661 227 1744 lsqq.)
255 1661 333 1726 haec
360 1658 547 1723 confirmare
579 1658 736 1722 videntur.
786 1657 836 1724 Ne
868 1661 903 1722 in
933 1659 1125 1724 Graecorum
1159 1659 1289 1742 quidem

115 1769 217 1852 poetis
236 1765 382 1850 elegiacis
400 1766 605 1831 aestimandis
623 1773 855 1832 consenserunt
872 1767 1027 1832 Horatius
1046 1773 1083 1831 et
1095 1766 1288 1849 Propertius.

115 1873 180 1938 Hic
208 1873 402 1938 Callimacho
425 1875 459 1936 in
483 1874 582 1958 elegia
609 1873 747 1957 palmam
771 1873 910 1956 praebet,
938 1873 1167 1940 Mimnermum
1191 1872 1290 1938 semel

115 1987 346 2046 commemorat
368 2001 398 2043 r.
422 1980 446 2044 I.
472 1982 577 2062 9,11;

254 2124 336 2208 ‘plus
357 2124 391 2190 in
415 2143 522 2190 amore
545 2123 629 2189 valet
652 2123 834 2188 Mimnermi
857 2143 971 2187 versus
993 2121 1157 2205 Homero',

112 2270 176 2335 hoc
208 2271 270 2348 est,
302 2265 436 2349 quilibet
468 2266 627 2350 elegiacus
658 2272 752 2351 poeta
784 2287 907 2332 amores
939 2287 1056 2332 canens
1088 2271 1225 2351 praestat
1255 2268 1289 2332 in

113 2394 223 2440 amore
241 2373 360 2457 insigni
380 2373 544 2456 epicorum
562 2376 742 2438 carminum
760 2375 905 2459 principi.
943 2374 1058 2438 Contra
1078 2373 1290 2440 Callimachus

113 2485 145 2546 is
168 2486 234 2546 erat
257 2471 352 2546 carius
373 2480 505 2547 nomine
527 2487 558 2546 et
579 2481 681 2565 gloria
702 2483 784 2548 inter
802 2481 963 2546 Romanos
981 2484 1052 2568 ipse
1069 2481 1155 2546 solus
1174 2482 1290 2566 dignus

115 2588 177 2653 sibi
201 2587 364 2651 videretur
388 2587 454 2668 (IV.
480 2588 509 2669 1,
534 2589 631 2672 lsqq.
656 2588 694 2649 V.
720 2590 749 2670 1,
773 2588 834 2668 64).
879 2587 1002 2654 Verum
1025 2588 1179 2653 Horatius
1197 2587 1289 2652 Mim-

114 2714 266 2760 nermum
278 2693 470 2760 Calhmaeho
490 2695 670 2779 anteposuit
684 2701 824 2762 veterem
836 2694 994 2760 Graecum
1012 2701 1138 2780 poetam
1149 2696 1289 2759 Alexan·

115 2804 219 2883 drino,
241 2802 373 2866 fortasse
391 2801 593 2886 Propertium
618 2803 777 2887 castigans
799 2803 875 2867 dicit
898 2821 945 2886 ep.
964 2802 1006 2868 II.
1031 2802 1159 2883 2,100:

277 2927 405 2992 discedo
428 2927 567 2992 Alcaeus
589 2934 707 3012 puncto
730 2927 829 3010 illius,
850 2926 903 2992 ille
925 2945 997 2992 meo
1020 2927 1115 3010 quis?

277 3035 351 3117 quis
374 3034 436 3098 nisi
460 3033 692 3101 Callimachus?
719 3036 747 3098 si
768 3034 842 3118 plus
865 3033 1034 3117 adposcere
1056 3035 1157 3115 visus,

276 3140 313 3206 fit
335 3140 547 3208 Mimnermus
570 3149 601 3206 et
624 3143 730 3226 optivo
755 3143 945 3225 cognomine
969 3143 1089 3206 erescit.

115 3266 308 3332 Incredibile
340 3266 439 3348 igitur
470 3271 518 3330 est
545 3266 680 3330 alterum
708 3285 750 3330 ex
783 3266 881 3330 altero
907 3266 1086 3331 locutiones
1111 3267 1164 3332 rel
1196 3267 1291 3332 verba

117 3374 341 3458 desumpsisse.
378 3371 471 3438 Errat
488 3373 659 3438 Teuffehus
683 3374 791 3438 dicens
814 3374 849 3437 in
871 3375 941 3438 hist.
960 3373 1017 3437 htt
1036 3372 1126 3438 Rom.
1146 3377 1290 3458 §246,2

115 3481 297 3565 ‘Anhliinge
329 3501 370 3544 an
404 3481 465 3545 den
498 3487 639 3545 ersteren
667 3481 841 3562 (Horatius)
873 3481 944 3545 sind
972 3480 1047 3546 aber
1075 3481 1125 3545 bei
1152 3482 1289 3566 Propera

116 3588 208 3651 nicht
230 3588 329 3652 selten
353 3587 424 3652 wie’
448 3596 504 3652 etc.
551 3587 679 3653 Praeter
701 3609 752 3651 vv.
776 3588 828 3652 Pr.
852 3587 908 3652 IV.
934 3591 986 3670 23,
1010 3590 1061 3670 23,
1084 3589 1160 3652 Hor.
1185 3595 1240 3654 sat.
1264 3589 1289 3654 I.

121 3696 172 3776 10,
195 3697 237 3759 92
262 3696 293 3775 (i
316 3715 397 3779 puer
420 3701 451 3760 et
473 3697 556 3760 citus
578 3695 666 3761 haeo’
685 3702 821 3779 uterque
840 3714 953 3759 versus
971 3695 1110 3779 praebet)
1128 3715 1290 3779 nusquam

119 3802 294 3866 similitudo
322 3802 386 3867 fere
409 3803 476 3867 ulla
499 3803 747 3886 deprehenditur
769 3810 865 3887 atque
889 3803 985 3867 verba
1008 3804 1028 3865 ‘i
1050 3821 1132 3887 puer
1153 3810 1185 3867 et
1207 3804 1290 3868 citus

118 3908 206 3973 haec'
230 3911 394 3974 communi
416 3910 585 3974 hominum
608 3931 672 3976 usu
695 3912 768 3976 hita
791 3911 924 3991 erant.*)
962 3910 1068 3974 Etiam
1091 3930 1146 3971 vv.
1162 3909 1212 3973 Pr.
1232 3910 1288 3973 IV.

122 4017 171 4098 18,
196 4017 237 4078 22
267 4023 298 4081 et
320 4016 397 4081 Hor.
425 4017 473 4081 od.
497 4016 522 4080 Ι.
551 4019 608 4099 28,
638 4018 677 4080 16
707 4019 895 4083 mutandam
923 4019 1088 4082 continent
1113 4018 1147 4080 in
1176 4017 1290 4081 scholis

208 4261 234 4334 *l
253 4254 279 4333 ‘i'‚
298 4263 370 4319 citus
388 4263 407 4318 i'
431 4265 566 4335 quondam
589 4265 692 4319 conieci
715 4281 762 4333 pro
781 4265 880 4320 tradito
900 4265 1036 4320 ‘exclusis'
1055 4265 1084 4318 in
1103 4263 1223 4319 carmine
1241 4263 1289 4320 IV.

121 4357 162 4410 16.
181 4369 207 4408 v.
227 4354 263 4410 ⁸20
281 4353 454 4409 scribendum
472 4371 540 4423 esse,
559 4356 672 4410 fortasse
690 4357 769 4408 recte.
