3074 4788
612 287 830 350 „11-

142 465 299 549 Propertii
316 466 400 549 regis
420 466 612 530 mentionem
633 465 715 528 facit
742 463 814 528 Non
835 470 1003 530 cunctatur
1021 464 1162 548 Vulpius
1181 463 1310 528 Barthio

141 571 296 657 probante
322 578 433 656 poetae
460 591 567 656 regem
591 572 688 637 illum
716 573 820 657 gentis
848 577 1011 636 auctorem
1038 589 1170 655 ponere,
1202 571 1326 655 eodem

141 680 208 744 fere
234 681 305 744 iure
332 700 396 764 quo
421 679 584 763 Gruppius
612 699 663 742 vv.
691 679 784 764 Prop.
807 680 846 742 V.
873 681 902 762 1,
926 679 1046 762 lisqq.
1074 679 1313 762 perversissime

142 786 312 852 intellectis
336 786 551 851 demonstrare
574 787 677 852 voluit
698 793 823 871 poetam
847 792 936 851 extra
959 785 1083 850 ltaliam
1107 789 1219 850 natum
1243 801 1313 852 esse

142 894 229 978 apud
256 894 392 960 Iudaeos
421 891 633 959 Chaldaeosve
662 893 763 976 (Rom
786 893 897 978 Elegio
924 893 986 957 vol.
1010 892 1033 956 Ι.
1063 913 1091 975 p.
1116 891 1312 973 eur-363).

142 999 267 1065 Deinde
289 1000 475 1085 Propertius
499 1001 588 1067 Celer
617 1002 666 1066 vir
689 1002 838 1067 senatorii
862 1001 982 1066 ordinis
1006 1004 1314 1066 commemoraturs

141 1105 248 1175 Tacito
272 1128 344 1173 ann.
368 1108 392 1171 Ι.
419 1109 470 1191 75,
493 1129 633 1193 quocum
655 1113 829 1193 potuerunt
851 1108 959 1192 aliquo
984 1109 1077 1172 modo
1101 1108 1225 1191 cognati
1244 1125 1313 1172 esse

143 1214 300 1300 Propertii
322 1214 515 1282 Profuturus
539 1222 570 1282 et
592 1218 783 1301 Augurinus
807 1217 913 1298 (inser.
937 1214 1152 1296 Wilm.135).
1197 1212 1312 1284 Nostro

143 1326 254 1404 poetae
282 1323 360 1386 nihil
387 1329 512 1407 praeter
534 1343 651 1388 nomeu
674 1343 749 1388 oum
773 1324 823 1388 his
846 1321 1029 1388 hominibus
1053 1341 1222 1388 commune
1244 1321 1313 1386 fuit

147 1427 229 1492 Nem
250 1428 366 1496 nobilis
385 1435 468 1496 certe
490 1435 583 1515 poeta
601 1451 665 1495 non
684 1431 758 1511 fuit3
783 1451 825 1496 ne
843 1449 943 1514 eques
961 1430 1091 1514 quidem
1109 1429 1209 1496 fuisse
1227 1429 1314 1494 vide-

143 1541 205 1602 tur.
261 1535 444 1622 Cognomen
481 1538 686 1604 desideratur.
736 1539 810 1622 Ipse
842 1538 880 1602 de
913 1557 947 1602 se
980 1537 1055 1602 dicit
1087 1555 1137 1600 vv.
1171 1536 1228 1604 111.
1262 1538 1315 1619 24,

147 1644 188 1707 37
201 1664 248 1728 sq.
397 1695 403 1708 .
423 1693 455 1708 ..
481 1647 627 1729 quamuis
651 1664 711 1710 uec
730 1645 885 1730 sanguine
904 1645 988 1708 avito

295 1751 410 1816 nobilis
433 1757 466 1818 ct
489 1754 636 1836 quamvis
659 1753 746 1817 haud
768 1755 812 1816 ita
836 1752 924 1816 dives
948 1772 1027 1833 erae,

145 1864 228 1922 etv.
252 1859 309 1922 49:
334 1859 400 1922 noli
422 1858 592 1942 nobilibus,
617 1861 682 1924 noli
707 1859 850 1924 conferre
869 1843 978 1940 beatis,
1079 1929 1082 1934 ,

145 1971 176 2030 ct
194 1986 244 2028 vv.
264 1965 323 2030 ΙΙΙ.
344 1967 394 2044 34,
420 1967 460 2028 55
472 1987 517 2050 sq.

304 2073 431 2157 adspice
453 2093 505 2138 me
529 2076 582 2140 cui
605 2095 702 2158 parva
725 2075 809 2138 domi
831 2074 960 2138 fortuna
981 2073 1090 2138 relicta
1112 2078 1161 2138 est

350 2181 461 2246 nullus
485 2188 517 2246 et
539 2183 671 2266 antiquo
694 2181 795 2248 Marte
817 2182 999 2265 triumphus
1023 2182 1088 2259 avi3

145 2288 248 2352 eidem
273 2289 447 2368 sententiae
469 2289 554 2354 favet
577 2307 702 2354 carmen
727 2288 782 2352 IV.
808 2291 827 2352 9
851 2308 916 2372 quo
939 2289 1079 2372 equitem
1100 2287 1314 2354 Maecenatem

143 2394 280 2460 celebrat
306 2401 402 2479 atque
430 2401 467 2461 ut
493 2396 547 2460 ille
575 2415 634 2460 sua
661 2397 845 2460 condicione
875 2400 1043 2460 contentus
1070 2394 1167 2462 fuerit
1188 2395 1232 2460 ita
1255 2393 1315 2458 sibi

145 2521 275 2585 quoque
297 2508 336 2566 ut
358 2503 426 2567 suis
454 2504 570 2569 studiis
592 2504 757 2588 indulgere
780 2504 873 2572 liceat
896 2507 1050 2586 precatur.
1096 2501 1191 2567 Bulla
1220 2521 1316 2566 aurea

145 2627 258 2672 versus
268 2608 307 2672 V.
321 2613 348 2692 1,
370 2611 430 2674 131
451 2611 530 2676 nihil
550 2611 642 2676 docet
660 2613 723 2676 nisi
741 2612 890 2695 ingenuis
908 2610 1094 2694 parentibus
1112 2609 1315 2693 Propertium

144 2720 257 2780 natum
281 2735 361 2798 esse,
384 2719 469 2800 quod
491 2718 746 2784 luculentissime
766 2719 968 2784 demonstaret
990 2717 1099 2782 Cicero
1122 2717 1159 2780 in
1182 2717 1315 2781 Verrem

145 2827 202 2886 aet.
222 2822 263 2890 ΙΙ.
283 2823 335 2887 lib.
356 2817 384 2888 1‘.
404 2845 428 2888 c.
450 2826 491 2889 58
515 2829 547 2890 et
565 2825 820 2892 Pseudasconius
838 2826 877 2890 ad
896 2826 1033 2890 eundem
1057 2825 1173 2888 locum.
1210 2821 1315 2889 Etiam

145 2950 173 2992 v.
199 2929 237 2993 V.
263 2931 291 3013 l,
315 2932 375 2994 121

366 3039 507 3106 ‘Umbria
529 3046 561 3105 te
584 3043 668 3106 notis
692 3042 822 3126 antiqua
846 3037 1014 3124 penatibus
1038 3036 1112 3104 edit’

145 3150 177 3208 et
200 3164 228 3206 v.
255 3145 318 3208 134
362 3147 405 3210 ‘et
427 3153 513 3212 vetat
534 3149 646 3212 insano
670 3148 764 3214 verba
787 3154 896 3214 tonare
918 3145 997 3210 foro'

145 3255 271 3315 tantum
295 3252 410 3318 docent
433 3272 507 3318 eum
530 3262 625 3340 gente
647 3257 730 3320 inter
752 3255 962 3339 municipales
984 3259 1059 3318 nota
1082 3253 1228 3336 clareque
1250 3250 1316 3316 edi·

145 3363 217 3422 tum
244 3359 352 3424 fuisse.
399 3359 583 3428 Passennus
610 3363 746 3428 Paullus
770 3362 956 3447 splendidus
980 3361 1033 3426 ille
1056 3379 1165 3444 equae,
1189 3359 1228 3423 de
1251 3377 1315 3442 quo

146 3465 273 3532 Plinius
295 3467 439 3551 loquitur
461 3469 645 3554 ep.VI.15,
667 3471 724 3554 qui
747 3471 831 3534 inter
853 3471 990 3534 maiores
1019 3487 1096 3532 suos
1115 3467 1315 3550 Propertium

146 3574 328 3638 numeravit
350 3576 456 3660 potuit
479 3577 646 3662 adoptione
664 3579 752 3642 hunc
770 3575 970 3660 splendorem
989 3579 1170 3659 equestrem
1190 3594 1208 3637 a
1226 3577 1316 3656 pocta

146 3685 257 3762 nostro
280 3687 318 3747 ut
340 3683 467 3748 videtur
490 3684 631 3749 alienum
660 3685 791 3768 adipisci
814 3689 852 3748 ut
878 3690 962 3748 recte
983 3681 1212 3765 Hertzbergius
1234 3677 1316 3742 iudi·

147 3789 238 3853 cavit.
283 3787 533 3873 V.111.13‚19

307 3914 366 3962 neo
388 3916 460 3962 mea
482 3904 553 3962 tum
575 3900 669 3982 longa
693 3899 846 3982 spatietur
866 3899 1005 3982 imagine
1028 3915 1151 3981 pompa,

147 4001 202 4068 ubi
216 4003 403 4088 Propertius
421 4006 524 4090 volpis
543 4008 577 4069 in
596 4005 701 4075 fabula
719 4005 903 4088 exemplum
922 4010 1053 4070 secutus
1071 4005 1206 4067 honores
1224 4002 1316 4085 plane

148 4111 208 4176 sibi
232 4110 402 4195 denegatos
426 4131 572 4196 spernere
595 4114 722 4178 videtur
743 4118 848 4197 potest
869 4114 913 4176 ita
936 4112 1080 4197 expediri
1101 4115 1140 4174 ut
1157 4109 1314 4172 dicamus:

147 4220 354 4305 oppositionis
382 4221 489 4304 potius
517 4241 613 4286 causa
641 4240 694 4286 ecs
723 4221 779 4304 qui
803 4240 909 4284 veram
933 4226 988 4285 aut
1010 4219 1116 4283 fictam
1139 4217 1316 4301 imaginum

148 4329 264 4394 seriem
286 4328 420 4396 fastuosi
443 4328 600 4394 iactabant
620 4328 812 4412 perstrinxit.
