<?xml version="1.0" encoding="UTF-8"?>
<!DOCTYPE html PUBLIC "-//W3C//DTD XHTML 1.0 Transitional//EN"
    "http://www.w3.org/TR/xhtml1/DTD/xhtml1-transitional.dtd">
<html xmlns="http://www.w3.org/1999/xhtml" xml:lang="en" lang="en">
 <head>
  <title>
</title>
<meta http-equiv="Content-Type" content="text/html;charset=utf-8" />
  <meta name='ocr-system' content='tesseract 3.04.00' />
  <meta name='ocr-capabilities' content='ocr_page ocr_carea ocr_par ocr_line ocrx_word'/>
</head>
<body>
  <div class='ocr_page' id='page_1' title='image "./depropertiivita00marxgoog_0085.png"; bbox 0 0 3074 4788; ppageno 0'>
   <div class='ocr_carea' id='block_1_1' title="bbox 744 284 966 346">
    <p class='ocr_par' dir='ltr' id='par_1_1' title="bbox 744 284 966 346">
     <span class='ocr_line' id='line_1_1' title="bbox 744 284 966 346; baseline 0 -16"><span class='ocrx_word' id='word_1_1' title='bbox 744 284 966 346; x_wconf 65' lang='lat'><strong>„80-</strong></span> 
     </span>
    </p>
   </div>
   <div class='ocr_carea' id='block_1_2' title="bbox 228 459 1519 3444">
    <p class='ocr_par' dir='ltr' id='par_1_2' title="bbox 228 459 1519 3444">
     <span class='ocr_line' id='line_1_2' title="bbox 428 459 1209 546; baseline 0.005 -24"><span class='ocrx_word' id='word_1_2' title='bbox 428 459 598 524; x_wconf 83' lang='lat' dir='ltr'>‘fortunata</span> <span class='ocrx_word' id='word_1_3' title='bbox 620 478 692 523; x_wconf 92' lang='lat' dir='ltr'>meo</span> <span class='ocrx_word' id='word_1_4' title='bbox 715 464 743 526; x_wconf 92' lang='lat' dir='ltr'>si</span> <span class='ocrx_word' id='word_1_5' title='bbox 767 482 832 546; x_wconf 92' lang='lat' dir='ltr'>qna</span> <span class='ocrx_word' id='word_1_6' title='bbox 855 466 902 525; x_wconf 87' lang='lat' dir='ltr'>est</span> <span class='ocrx_word' id='word_1_7' title='bbox 925 461 1080 526; x_wconf 89' lang='lat' dir='ltr'>celebrata</span> <span class='ocrx_word' id='word_1_8' title='bbox 1102 462 1209 526; x_wconf 89' lang='lat' dir='ltr'>libello</span> 
     </span>
     <span class='ocr_line' id='line_1_3' title="bbox 487 566 1519 654; baseline 0.003 -24"><span class='ocrx_word' id='word_1_9' title='bbox 487 567 627 630; x_wconf 76' lang='lat' dir='ltr'>cumina</span> <span class='ocrx_word' id='word_1_10' title='bbox 650 573 744 632; x_wconf 91' lang='lat' dir='ltr'>erunt</span> <span class='ocrx_word' id='word_1_11' title='bbox 766 569 885 634; x_wconf 88' lang='lat' dir='ltr'>formae</span> <span class='ocrx_word' id='word_1_12' title='bbox 908 574 954 634; x_wconf 90' lang='lat' dir='ltr'>tot</span> <span class='ocrx_word' id='word_1_13' title='bbox 976 575 1184 635; x_wconf 91' lang='lat' dir='ltr'>monumenta</span> <span class='ocrx_word' id='word_1_14' title='bbox 1206 566 1300 633; x_wconf 90' lang='lat' dir='ltr'>tuae’.</span> <span class='ocrx_word' id='word_1_15' title='bbox 1401 637 1403 640; x_wconf 70' lang='grc'><strong>,</strong></span> <span class='ocrx_word' id='word_1_16' title='bbox 1518 593 1519 654; x_wconf 50' lang='lat' dir='ltr'>q</span> 
     </span>
     <span class='ocr_line' id='line_1_4' title="bbox 269 671 1449 761; baseline 0.003 -24"><span class='ocrx_word' id='word_1_17' title='bbox 269 671 346 738; x_wconf 84' lang='lat' dir='ltr'>Dixi</span> <span class='ocrx_word' id='word_1_18' title='bbox 369 675 403 739; x_wconf 90' lang='lat' dir='ltr'>in</span> <span class='ocrx_word' id='word_1_19' title='bbox 426 675 529 757; x_wconf 88' lang='lat' dir='ltr'>priore</span> <span class='ocrx_word' id='word_1_20' title='bbox 547 693 644 738; x_wconf 81' lang='lat' dir='ltr'>versu</span> <span class='ocrx_word' id='word_1_21' title='bbox 663 674 808 740; x_wconf 91' lang='lat' dir='ltr'>libellum</span> <span class='ocrx_word' id='word_1_22' title='bbox 826 677 906 742; x_wconf 88' lang='lat' dir='ltr'>nihil</span> <span class='ocrx_word' id='word_1_23' title='bbox 925 676 1013 741; x_wconf 88' lang='lat' dir='ltr'>aliud</span> <span class='ocrx_word' id='word_1_24' title='bbox 1032 677 1211 760; x_wconf 89' lang='lat' dir='ltr'>significare</span> <span class='ocrx_word' id='word_1_25' title='bbox 1228 695 1323 761; x_wconf 85' lang='lat' dir='ltr'>posse</span> <span class='ocrx_word' id='word_1_26' title='bbox 1344 697 1449 759; x_wconf 91' lang='lat' dir='ltr'>quam</span> 
     </span>
     <span class='ocr_line' id='line_1_5' title="bbox 272 780 1519 867; baseline 0.002 -24"><span class='ocrx_word' id='word_1_27' title='bbox 272 780 400 863; x_wconf 79' lang='lat' dir='ltr'>librum,</span> <span class='ocrx_word' id='word_1_28' title='bbox 423 781 556 866; x_wconf 78' lang='lat' dir='ltr'>elegiam</span> <span class='ocrx_word' id='word_1_29' title='bbox 579 781 720 866; x_wconf 80' lang='lat' dir='ltr'>intellegi</span> <span class='ocrx_word' id='word_1_30' title='bbox 744 801 881 867; x_wconf 87' lang='lat' dir='ltr'>sequens</span> <span class='ocrx_word' id='word_1_31' title='bbox 905 803 1018 848; x_wconf 83' lang='lat' dir='ltr'>versus</span> <span class='ocrx_word' id='word_1_32' title='bbox 1042 789 1137 867; x_wconf 87' lang='lat' dir='ltr'>vetat,</span> <span class='ocrx_word' id='word_1_33' title='bbox 1159 785 1311 848; x_wconf 86' lang='lat' dir='ltr'>volumen</span> <span class='ocrx_word' id='word_1_34' title='bbox 1330 786 1450 848; x_wconf 87' lang='lat' dir='ltr'>carmi·</span> <span class='ocrx_word' id='word_1_35' title='bbox 1518 789 1519 820; x_wconf 64' lang='lat' dir='ltr'>l</span> 
     </span>
     <span class='ocr_line' id='line_1_6' title="bbox 270 889 1447 974; baseline 0.003 -23"><span class='ocrx_word' id='word_1_36' title='bbox 270 909 351 952; x_wconf 92' lang='lat' dir='ltr'>num</span> <span class='ocrx_word' id='word_1_37' title='bbox 378 889 559 974; x_wconf 83' lang='lat' dir='ltr'>complures</span> <span class='ocrx_word' id='word_1_38' title='bbox 585 889 682 953; x_wconf 90' lang='lat' dir='ltr'>libros</span> <span class='ocrx_word' id='word_1_39' title='bbox 707 890 920 974; x_wconf 86' lang='lat' dir='ltr'>complectens</span> <span class='ocrx_word' id='word_1_40' title='bbox 943 912 994 954; x_wconf 84' lang='grc'>11.</span> <span class='ocrx_word' id='word_1_41' title='bbox 1022 891 1082 955; x_wconf 91' lang='lat' dir='ltr'>III.</span> <span class='ocrx_word' id='word_1_42' title='bbox 1109 893 1159 974; x_wconf 85' lang='lat'>13,</span> <span class='ocrx_word' id='word_1_43' title='bbox 1184 893 1225 955; x_wconf 79' lang='grc'>21</span> <span class='ocrx_word' id='word_1_44' title='bbox 1246 911 1292 974; x_wconf 89' lang='lat' dir='ltr'>sq.</span> <span class='ocrx_word' id='word_1_45' title='bbox 1321 897 1447 954; x_wconf 87' lang='lat' dir='ltr'>vetant.</span> 
     </span>
     <span class='ocr_line' id='line_1_7' title="bbox 271 995 1448 1080; baseline 0.003 -21"><span class='ocrx_word' id='word_1_46' title='bbox 271 995 356 1071; x_wconf 76' lang='lat' dir='ltr'>uuio</span> <span class='ocrx_word' id='word_1_47' title='bbox 388 997 487 1080; x_wconf 89' lang='lat' dir='ltr'>igitur</span> <span class='ocrx_word' id='word_1_48' title='bbox 519 996 621 1062; x_wconf 85' lang='lat' dir='ltr'>obstat</span> <span class='ocrx_word' id='word_1_49' title='bbox 654 999 827 1080; x_wconf 88' lang='lat' dir='ltr'>quominus</span> <span class='ocrx_word' id='word_1_50' title='bbox 860 999 919 1063; x_wconf 90' lang='lat' dir='ltr'>hcs</span> <span class='ocrx_word' id='word_1_51' title='bbox 952 1018 1065 1064; x_wconf 89' lang='lat' dir='ltr'>versus</span> <span class='ocrx_word' id='word_1_52' title='bbox 1082 999 1133 1072; x_wconf 84' lang='lat' dir='ltr'>&#39;de</span> <span class='ocrx_word' id='word_1_53' title='bbox 1162 998 1229 1062; x_wconf 89' lang='lat' dir='ltr'>solo</span> <span class='ocrx_word' id='word_1_54' title='bbox 1262 1000 1448 1062; x_wconf 81' lang='lat' dir='ltr'>carminum</span> 
     </span>
     <span class='ocr_line' id='line_1_8' title="bbox 267 1103 1519 1189; baseline 0.002 -23"><span class='ocrx_word' id='word_1_55' title='bbox 267 1105 371 1186; x_wconf 86' lang='lat' dir='ltr'>primo</span> <span class='ocrx_word' id='word_1_56' title='bbox 404 1103 483 1167; x_wconf 88' lang='lat' dir='ltr'>libro</span> <span class='ocrx_word' id='word_1_57' title='bbox 506 1105 769 1189; x_wconf 81' lang='lat' dir='ltr'>interpretemur,</span> <span class='ocrx_word' id='word_1_58' title='bbox 802 1107 975 1188; x_wconf 89' lang='lat' dir='ltr'>quominus</span> <span class='ocrx_word' id='word_1_59' title='bbox 1009 1110 1188 1170; x_wconf 86' lang='lat' dir='ltr'>statuamus</span> <span class='ocrx_word' id='word_1_60' title='bbox 1221 1106 1355 1170; x_wconf 91' lang='lat' dir='ltr'>alterum</span> <span class='ocrx_word' id='word_1_61' title='bbox 1381 1111 1449 1170; x_wconf 88' lang='lat' dir='ltr'>ter·</span> <span class='ocrx_word' id='word_1_62' title='bbox 1518 1117 1519 1140; x_wconf 66' lang='lat'>¹</span> 
     </span>
     <span class='ocr_line' id='line_1_9' title="bbox 268 1212 1450 1297; baseline 0.001 -23"><span class='ocrx_word' id='word_1_63' title='bbox 268 1213 415 1295; x_wconf 89' lang='lat' dir='ltr'>tiumque</span> <span class='ocrx_word' id='word_1_64' title='bbox 438 1212 555 1276; x_wconf 89' lang='lat' dir='ltr'>librum</span> <span class='ocrx_word' id='word_1_65' title='bbox 578 1231 644 1276; x_wconf 89' lang='lat' dir='ltr'>non</span> <span class='ocrx_word' id='word_1_66' title='bbox 668 1213 772 1276; x_wconf 89' lang='lat' dir='ltr'>solum</span> <span class='ocrx_word' id='word_1_67' title='bbox 795 1214 830 1276; x_wconf 90' lang='lat' dir='ltr'>in</span> <span class='ocrx_word' id='word_1_68' title='bbox 852 1233 949 1277; x_wconf 81' lang='lat' dir='ltr'>versu</span> <span class='ocrx_word' id='word_1_69' title='bbox 972 1212 1450 1297; x_wconf 78' lang='lat' dir='ltr'>111.24‚1sedinhisquo-</span> 
     </span>
     <span class='ocr_line' id='line_1_10' title="bbox 269 1318 1448 1404; baseline -0.001 -21"><span class='ocrx_word' id='word_1_70' title='bbox 269 1338 333 1402; x_wconf 89' lang='lat' dir='ltr'>que</span> <span class='ocrx_word' id='word_1_71' title='bbox 355 1318 503 1384; x_wconf 87' lang='lat' dir='ltr'>versibus</span> <span class='ocrx_word' id='word_1_72' title='bbox 526 1321 561 1382; x_wconf 91' lang='lat' dir='ltr'>in</span> <span class='ocrx_word' id='word_1_73' title='bbox 583 1321 675 1383; x_wconf 89' lang='lat' dir='ltr'>initio</span> <span class='ocrx_word' id='word_1_74' title='bbox 705 1323 809 1404; x_wconf 80' lang='lat' dir='ltr'>quenti</span> <span class='ocrx_word' id='word_1_75' title='bbox 832 1320 906 1384; x_wconf 90' lang='lat' dir='ltr'>libri</span> <span class='ocrx_word' id='word_1_76' title='bbox 929 1321 1075 1384; x_wconf 91' lang='lat' dir='ltr'>nondum</span> <span class='ocrx_word' id='word_1_77' title='bbox 1099 1321 1202 1385; x_wconf 90' lang='lat' dir='ltr'>editos</span> <span class='ocrx_word' id='word_1_78' title='bbox 1226 1320 1448 1403; x_wconf 82' lang='lat' dir='ltr'>deprehendi?</span> 
     </span>
     <span class='ocr_line' id='line_1_11' title="bbox 269 1425 1449 1512; baseline 0.001 -23"><span class='ocrx_word' id='word_1_79' title='bbox 269 1425 398 1490; x_wconf 81' lang='lat' dir='ltr'>Certum</span> <span class='ocrx_word' id='word_1_80' title='bbox 421 1427 482 1491; x_wconf 89' lang='lat' dir='ltr'>hcc</span> <span class='ocrx_word' id='word_1_81' title='bbox 505 1433 561 1509; x_wconf 75' lang='lat' dir='ltr'>est</span> <span class='ocrx_word' id='word_1_82' title='bbox 585 1432 736 1510; x_wconf 89' lang='lat' dir='ltr'>quartum</span> <span class='ocrx_word' id='word_1_83' title='bbox 764 1427 882 1492; x_wconf 91' lang='lat' dir='ltr'>librum</span> <span class='ocrx_word' id='word_1_84' title='bbox 911 1427 1045 1492; x_wconf 88' lang='lat' dir='ltr'>scribere</span> <span class='ocrx_word' id='word_1_85' title='bbox 1073 1430 1178 1512; x_wconf 91' lang='lat' dir='ltr'>coepit</span> <span class='ocrx_word' id='word_1_86' title='bbox 1205 1428 1293 1491; x_wconf 92' lang='lat' dir='ltr'>nullo</span> <span class='ocrx_word' id='word_1_87' title='bbox 1319 1434 1449 1510; x_wconf 89' lang='lat' dir='ltr'>praeter</span> 
     </span>
     <span class='ocr_line' id='line_1_12' title="bbox 267 1534 1519 1632; baseline 0.001 -36"><span class='ocrx_word' id='word_1_88' title='bbox 267 1535 410 1617; x_wconf 90' lang='lat' dir='ltr'>primum</span> <span class='ocrx_word' id='word_1_89' title='bbox 433 1535 552 1598; x_wconf 90' lang='lat' dir='ltr'>librum</span> <span class='ocrx_word' id='word_1_90' title='bbox 577 1535 669 1600; x_wconf 91' lang='lat' dir='ltr'>edito.</span> <span class='ocrx_word' id='word_1_91' title='bbox 715 1535 846 1598; x_wconf 84' lang='lat' dir='ltr'>Primus</span> <span class='ocrx_word' id='word_1_92' title='bbox 869 1534 947 1600; x_wconf 90' lang='lat' dir='ltr'>liber</span> <span class='ocrx_word' id='word_1_93' title='bbox 970 1535 1168 1621; x_wconf 87' lang='lat' dir='ltr'>estlibellus</span> <span class='ocrx_word' id='word_1_94' title='bbox 1190 1536 1246 1600; x_wconf 88' lang='lat' dir='ltr'>ille</span> <span class='ocrx_word' id='word_1_95' title='bbox 1273 1537 1308 1598; x_wconf 92' lang='lat' dir='ltr'>in</span> <span class='ocrx_word' id='word_1_96' title='bbox 1331 1556 1361 1597; x_wconf 85' lang='lat' dir='ltr'>v.</span> <span class='ocrx_word' id='word_1_97' title='bbox 1386 1535 1448 1598; x_wconf 92' lang='lat' dir='ltr'>IV.</span> <span class='ocrx_word' id='word_1_98' title='bbox 1518 1605 1519 1632; x_wconf 15' lang='grc' dir='ltr'><strong>ᾖ</strong></span> 
     </span>
     <span class='ocr_line' id='line_1_13' title="bbox 270 1642 1188 1728; baseline 0.004 -25"><span class='ocrx_word' id='word_1_99' title='bbox 270 1643 301 1724; x_wconf 88' lang='grc'>2,</span> <span class='ocrx_word' id='word_1_100' title='bbox 326 1642 366 1704; x_wconf 82' lang='grc'>15</span> <span class='ocrx_word' id='word_1_101' title='bbox 391 1646 668 1724; x_wconf 78' lang='lat' dir='ltr'>commemoratus,</span> <span class='ocrx_word' id='word_1_102' title='bbox 691 1648 787 1708; x_wconf 88' lang='lat' dir='ltr'>notus</span> <span class='ocrx_word' id='word_1_103' title='bbox 810 1643 864 1708; x_wconf 89' lang='lat' dir='ltr'>ille</span> <span class='ocrx_word' id='word_1_104' title='bbox 887 1642 1100 1725; x_wconf 84' lang='lat' dir='ltr'>monobiblos‚</span> <span class='ocrx_word' id='word_1_105' title='bbox 1123 1663 1188 1728; x_wconf 91' lang='lat' dir='ltr'>quc</span> 
     </span>
     <span class='ocr_line' id='line_1_14' title="bbox 228 1739 1210 1834; baseline 0.003 -23"><span class='ocrx_word' id='word_1_106' title='bbox 228 1739 231 1745; x_wconf 72' lang='grc'><strong>’</strong></span> <span class='ocrx_word' id='word_1_107' title='bbox 429 1747 575 1830; x_wconf 78' lang='lat' dir='ltr'>‘Cynthia</span> <span class='ocrx_word' id='word_1_108' title='bbox 597 1749 728 1813; x_wconf 80' lang='lat' dir='ltr'>facundi</span> <span class='ocrx_word' id='word_1_109' title='bbox 752 1769 879 1814; x_wconf 87' lang='lat' dir='ltr'>carmen</span> <span class='ocrx_word' id='word_1_110' title='bbox 901 1751 1043 1816; x_wconf 87' lang='lat' dir='ltr'>iuvenile</span> <span class='ocrx_word' id='word_1_111' title='bbox 1066 1750 1210 1834; x_wconf 87' lang='lat' dir='ltr'>Properti</span> 
     </span>
     <span class='ocr_line' id='line_1_15' title="bbox 480 1856 1175 1942; baseline 0 -22"><span class='ocrx_word' id='word_1_112' title='bbox 480 1858 601 1940; x_wconf 88' lang='lat' dir='ltr'>accepit</span> <span class='ocrx_word' id='word_1_113' title='bbox 622 1856 740 1920; x_wconf 87' lang='lat' dir='ltr'>famam</span> <span class='ocrx_word' id='word_1_114' title='bbox 763 1877 822 1922; x_wconf 86' lang='lat' dir='ltr'>nec</span> <span class='ocrx_word' id='word_1_115' title='bbox 845 1859 955 1923; x_wconf 87' lang='lat' dir='ltr'>minus</span> <span class='ocrx_word' id='word_1_116' title='bbox 977 1860 1047 1942; x_wconf 87' lang='lat' dir='ltr'>ipsa</span> <span class='ocrx_word' id='word_1_117' title='bbox 1071 1857 1175 1923; x_wconf 88' lang='lat' dir='ltr'>dedit&#39;.</span> 
     </span>
     <span class='ocr_line' id='line_1_16' title="bbox 267 1962 1446 2056; baseline 0.002 -30"><span class='ocrx_word' id='word_1_118' title='bbox 267 1962 372 2056; x_wconf 85' lang='lat' dir='ltr'>(Mart.</span> <span class='ocrx_word' id='word_1_119' title='bbox 395 1962 486 2028; x_wconf 88' lang='lat' dir='ltr'>XIV.</span> <span class='ocrx_word' id='word_1_120' title='bbox 513 1965 575 2026; x_wconf 89' lang='grc'>189</span> <span class='ocrx_word' id='word_1_121' title='bbox 600 1964 636 2030; x_wconf 88' lang='lat' dir='ltr'>ef.</span> <span class='ocrx_word' id='word_1_122' title='bbox 660 1963 711 2030; x_wconf 88' lang='lat' dir='ltr'>Pr.</span> <span class='ocrx_word' id='word_1_123' title='bbox 735 1964 776 2028; x_wconf 94' lang='grc' dir='ltr'>ΙΙ.</span> <span class='ocrx_word' id='word_1_124' title='bbox 803 1966 831 2047; x_wconf 84' lang='grc'>7,</span> <span class='ocrx_word' id='word_1_125' title='bbox 852 1966 891 2028; x_wconf 83' lang='grc'>17</span> <span class='ocrx_word' id='word_1_126' title='bbox 912 1968 985 2049; x_wconf 87' lang='lat' dir='ltr'>sq.);</span> <span class='ocrx_word' id='word_1_127' title='bbox 1016 1967 1072 2049; x_wconf 91' lang='lat' dir='ltr'>qui</span> <span class='ocrx_word' id='word_1_128' title='bbox 1099 1965 1181 2029; x_wconf 89' lang='lat' dir='ltr'>liber</span> <span class='ocrx_word' id='word_1_129' title='bbox 1208 1965 1302 2028; x_wconf 90' lang='lat' dir='ltr'>etiam</span> <span class='ocrx_word' id='word_1_130' title='bbox 1330 1969 1446 2046; x_wconf 89' lang='lat' dir='ltr'>postea</span> 
     </span>
     <span class='ocr_line' id='line_1_17' title="bbox 268 2071 1446 2157; baseline 0.002 -25"><span class='ocrx_word' id='word_1_131' title='bbox 268 2090 342 2134; x_wconf 88' lang='lat' dir='ltr'>eum</span> <span class='ocrx_word' id='word_1_132' title='bbox 366 2072 472 2134; x_wconf 88' lang='lat' dir='ltr'>omnia</span> <span class='ocrx_word' id='word_1_133' title='bbox 499 2073 562 2134; x_wconf 88' lang='lat' dir='ltr'>iam</span> <span class='ocrx_word' id='word_1_134' title='bbox 586 2071 741 2154; x_wconf 87' lang='lat' dir='ltr'>Propertii</span> <span class='ocrx_word' id='word_1_135' title='bbox 770 2074 911 2136; x_wconf 87' lang='lat' dir='ltr'>carmina</span> <span class='ocrx_word' id='word_1_136' title='bbox 939 2078 1017 2157; x_wconf 93' lang='lat' dir='ltr'>quot</span> <span class='ocrx_word' id='word_1_137' title='bbox 1039 2093 1098 2136; x_wconf 85' lang='lat' dir='ltr'>nce</span> <span class='ocrx_word' id='word_1_138' title='bbox 1120 2071 1276 2136; x_wconf 91' lang='lat' dir='ltr'>habemus</span> <span class='ocrx_word' id='word_1_139' title='bbox 1299 2091 1365 2134; x_wconf 93' lang='lat' dir='ltr'>uno</span> <span class='ocrx_word' id='word_1_140' title='bbox 1386 2093 1446 2135; x_wconf 86' lang='lat' dir='ltr'>vo-</span> 
     </span>
     <span class='ocr_line' id='line_1_18' title="bbox 266 2177 1519 2276; baseline 0.002 -36"><span class='ocrx_word' id='word_1_141' title='bbox 266 2177 390 2241; x_wconf 89' lang='lat' dir='ltr'>lumine</span> <span class='ocrx_word' id='word_1_142' title='bbox 422 2179 592 2242; x_wconf 85' lang='lat' dir='ltr'>coniuncte</span> <span class='ocrx_word' id='word_1_143' title='bbox 622 2180 707 2262; x_wconf 89' lang='lat' dir='ltr'>apud</span> <span class='ocrx_word' id='word_1_144' title='bbox 740 2178 925 2263; x_wconf 82' lang='lat' dir='ltr'>bibliopolas</span> <span class='ocrx_word' id='word_1_145' title='bbox 953 2178 1135 2263; x_wconf 88' lang='lat' dir='ltr'>prostabant</span> <span class='ocrx_word' id='word_1_146' title='bbox 1169 2179 1352 2262; x_wconf 82' lang='lat' dir='ltr'>singillatim</span> <span class='ocrx_word' id='word_1_147' title='bbox 1387 2199 1445 2243; x_wconf 86' lang='lat' dir='ltr'>ve·</span> <span class='ocrx_word' id='word_1_148' title='bbox 1518 2245 1519 2276; x_wconf 24' lang='lat'>¹</span> 
     </span>
     <span class='ocr_line' id='line_1_19' title="bbox 265 2281 1519 2371; baseline 0.002 -23"><span class='ocrx_word' id='word_1_149' title='bbox 265 2286 347 2348; x_wconf 89' lang='lat' dir='ltr'>niise</span> <span class='ocrx_word' id='word_1_150' title='bbox 369 2290 453 2350; x_wconf 89' lang='grc'>11111</span> <span class='ocrx_word' id='word_1_151' title='bbox 472 2305 490 2348; x_wconf 89' lang='lat' dir='ltr'>a</span> <span class='ocrx_word' id='word_1_152' title='bbox 508 2284 663 2350; x_wconf 88' lang='lat' dir='ltr'>Muellero</span> <span class='ocrx_word' id='word_1_153' title='bbox 687 2287 827 2353; x_wconf 79' lang='lat' dir='ltr'>‚creditur</span> <span class='ocrx_word' id='word_1_154' title='bbox 849 2286 952 2369; x_wconf 87' lang='lat' dir='ltr'>(praef.</span> <span class='ocrx_word' id='word_1_155' title='bbox 971 2308 1001 2371; x_wconf 91' lang='lat' dir='ltr'>p.</span> <span class='ocrx_word' id='word_1_156' title='bbox 1024 2287 1090 2368; x_wconf 85' lang='lat'><strong>12);</strong></span> <span class='ocrx_word' id='word_1_157' title='bbox 1114 2306 1189 2370; x_wconf 91' lang='lat' dir='ltr'>prae</span> <span class='ocrx_word' id='word_1_158' title='bbox 1208 2287 1320 2350; x_wconf 88' lang='lat' dir='ltr'>ceteris</span> <span class='ocrx_word' id='word_1_159' title='bbox 1345 2287 1439 2350; x_wconf 91' lang='lat' dir='ltr'>enim</span> <span class='ocrx_word' id='word_1_160' title='bbox 1518 2281 1519 2314; x_wconf 57' lang='lat' dir='ltr'>r</span> 
     </span>
     <span class='ocr_line' id='line_1_20' title="bbox 266 2392 1446 2479; baseline 0.002 -25"><span class='ocrx_word' id='word_1_161' title='bbox 266 2392 398 2456; x_wconf 88' lang='lat' dir='ltr'>fortasse</span> <span class='ocrx_word' id='word_1_162' title='bbox 421 2393 473 2455; x_wconf 88' lang='lat' dir='ltr'>hic</span> <span class='ocrx_word' id='word_1_163' title='bbox 496 2392 576 2457; x_wconf 91' lang='lat' dir='ltr'>liber</span> <span class='ocrx_word' id='word_1_164' title='bbox 598 2394 713 2458; x_wconf 78' lang='lat' dir='ltr'>‘mellis</span> <span class='ocrx_word' id='word_1_165' title='bbox 735 2395 768 2458; x_wconf 90' lang='lat' dir='ltr'>in</span> <span class='ocrx_word' id='word_1_166' title='bbox 799 2414 853 2457; x_wconf 89' lang='lat' dir='ltr'>ora</span> <span class='ocrx_word' id='word_1_167' title='bbox 878 2393 977 2458; x_wconf 82' lang='lat' dir='ltr'>venit&#39;</span> <span class='ocrx_word' id='word_1_168' title='bbox 1002 2394 1103 2478; x_wconf 88' lang='lat' dir='ltr'>(Prep.</span> <span class='ocrx_word' id='word_1_169' title='bbox 1127 2393 1169 2457; x_wconf 94' lang='grc' dir='ltr'>ΙΙ.</span> <span class='ocrx_word' id='word_1_170' title='bbox 1196 2394 1225 2475; x_wconf 80' lang='grc'>1,</span> <span class='ocrx_word' id='word_1_171' title='bbox 1248 2395 1290 2479; x_wconf 88' lang='grc'>2).</span> <span class='ocrx_word' id='word_1_172' title='bbox 1314 2431 1356 2440; x_wconf 94' lang='grc'>-</span> <span class='ocrx_word' id='word_1_173' title='bbox 1377 2392 1446 2458; x_wconf 91' lang='lat' dir='ltr'>De·</span> 
     </span>
     <span class='ocr_line' id='line_1_21' title="bbox 266 2499 1445 2585; baseline 0.001 -22"><span class='ocrx_word' id='word_1_174' title='bbox 266 2499 428 2584; x_wconf 89' lang='lat' dir='ltr'>indeque</span> <span class='ocrx_word' id='word_1_175' title='bbox 458 2501 551 2564; x_wconf 92' lang='lat' dir='ltr'>modo</span> <span class='ocrx_word' id='word_1_176' title='bbox 574 2503 680 2585; x_wconf 88' lang='lat' dir='ltr'>putuit</span> <span class='ocrx_word' id='word_1_177' title='bbox 702 2501 770 2566; x_wconf 87' lang='lat' dir='ltr'>fieri</span> <span class='ocrx_word' id='word_1_178' title='bbox 799 2507 836 2566; x_wconf 93' lang='lat' dir='ltr'>ut</span> <span class='ocrx_word' id='word_1_179' title='bbox 866 2506 990 2566; x_wconf 87' lang='lat' dir='ltr'>tantum</span> <span class='ocrx_word' id='word_1_180' title='bbox 1024 2501 1154 2565; x_wconf 89' lang='lat' dir='ltr'>alterius</span> <span class='ocrx_word' id='word_1_181' title='bbox 1185 2501 1334 2584; x_wconf 89' lang='lat' dir='ltr'>tertiique</span> <span class='ocrx_word' id='word_1_182' title='bbox 1365 2501 1445 2564; x_wconf 87' lang='lat' dir='ltr'>libri</span> 
     </span>
     <span class='ocr_line' id='line_1_22' title="bbox 268 2607 1444 2692; baseline 0.003 -23"><span class='ocrx_word' id='word_1_183' title='bbox 268 2608 409 2670; x_wconf 83' lang='lat' dir='ltr'>carmine</span> <span class='ocrx_word' id='word_1_184' title='bbox 432 2613 496 2670; x_wconf 88' lang='lat' dir='ltr'>tam</span> <span class='ocrx_word' id='word_1_185' title='bbox 521 2608 690 2673; x_wconf 85' lang='lat' dir='ltr'>dilacerate</span> <span class='ocrx_word' id='word_1_186' title='bbox 713 2609 751 2672; x_wconf 93' lang='lat' dir='ltr'>ad</span> <span class='ocrx_word' id='word_1_187' title='bbox 775 2629 834 2672; x_wconf 90' lang='lat' dir='ltr'>nos</span> <span class='ocrx_word' id='word_1_188' title='bbox 849 2610 1073 2692; x_wconf 88' lang='lat' dir='ltr'>pervenirent,</span> <span class='ocrx_word' id='word_1_189' title='bbox 1101 2628 1158 2672; x_wconf 88' lang='lat' dir='ltr'>eur</span> <span class='ocrx_word' id='word_1_190' title='bbox 1186 2607 1274 2672; x_wconf 91' lang='lat' dir='ltr'>nulla</span> <span class='ocrx_word' id='word_1_191' title='bbox 1296 2609 1347 2671; x_wconf 82' lang='lat' dir='ltr'>vis</span> <span class='ocrx_word' id='word_1_192' title='bbox 1369 2628 1444 2692; x_wconf 89' lang='lat' dir='ltr'>per-</span> 
     </span>
     <span class='ocr_line' id='line_1_23' title="bbox 267 2714 1519 2800; baseline 0 -22"><span class='ocrx_word' id='word_1_193' title='bbox 267 2715 389 2779; x_wconf 90' lang='lat' dir='ltr'>niciosa</span> <span class='ocrx_word' id='word_1_194' title='bbox 412 2716 552 2798; x_wconf 88' lang='lat' dir='ltr'>primum</span> <span class='ocrx_word' id='word_1_195' title='bbox 577 2722 727 2799; x_wconf 90' lang='lat' dir='ltr'>quartum</span> <span class='ocrx_word' id='word_1_196' title='bbox 757 2717 908 2799; x_wconf 92' lang='lat' dir='ltr'>quintum</span> <span class='ocrx_word' id='word_1_197' title='bbox 937 2715 1055 2779; x_wconf 89' lang='lat' dir='ltr'>librum</span> <span class='ocrx_word' id='word_1_198' title='bbox 1084 2717 1202 2800; x_wconf 84' lang='lat' dir='ltr'>attigit,</span> <span class='ocrx_word' id='word_1_199' title='bbox 1229 2734 1287 2778; x_wconf 90' lang='lat' dir='ltr'>cur</span> <span class='ocrx_word' id='word_1_200' title='bbox 1310 2714 1345 2778; x_wconf 92' lang='lat' dir='ltr'>hi</span> <span class='ocrx_word' id='word_1_201' title='bbox 1367 2715 1444 2779; x_wconf 89' lang='lat' dir='ltr'>libri</span> <span class='ocrx_word' id='word_1_202' title='bbox 1518 2725 1519 2730; x_wconf 77' lang='grc'>’</span> 
     </span>
     <span class='ocr_line' id='line_1_24' title="bbox 267 2822 1444 2906; baseline 0 -20"><span class='ocrx_word' id='word_1_203' title='bbox 267 2823 430 2887; x_wconf 91' lang='lat' dir='ltr'>cumillis</span> <span class='ocrx_word' id='word_1_204' title='bbox 460 2824 633 2906; x_wconf 89' lang='lat' dir='ltr'>comparati</span> <span class='ocrx_word' id='word_1_205' title='bbox 660 2824 871 2906; x_wconf 84' lang='lat' dir='ltr'>pulcherrime</span> <span class='ocrx_word' id='word_1_206' title='bbox 899 2822 1006 2886; x_wconf 76' lang='lat' dir='ltr'>traditi</span> <span class='ocrx_word' id='word_1_207' title='bbox 1033 2828 1123 2905; x_wconf 81' lang='lat' dir='ltr'>sunt,</span> <span class='ocrx_word' id='word_1_208' title='bbox 1151 2843 1209 2886; x_wconf 90' lang='lat' dir='ltr'>cur</span> <span class='ocrx_word' id='word_1_209' title='bbox 1236 2823 1340 2886; x_wconf 88' lang='lat' dir='ltr'>media</span> <span class='ocrx_word' id='word_1_210' title='bbox 1366 2843 1444 2906; x_wconf 89' lang='lat' dir='ltr'>pars</span> 
     </span>
     <span class='ocr_line' id='line_1_25' title="bbox 268 2928 1442 3014; baseline 0 -20"><span class='ocrx_word' id='word_1_211' title='bbox 268 2931 336 2994; x_wconf 90' lang='lat' dir='ltr'>sola</span> <span class='ocrx_word' id='word_1_212' title='bbox 363 2935 550 3013; x_wconf 89' lang='lat' dir='ltr'>temporum</span> <span class='ocrx_word' id='word_1_213' title='bbox 582 2931 784 3014; x_wconf 89' lang='lat' dir='ltr'>iniquitatem</span> <span class='ocrx_word' id='word_1_214' title='bbox 817 2950 883 2994; x_wconf 89' lang='lat' dir='ltr'>nen</span> <span class='ocrx_word' id='word_1_215' title='bbox 922 2930 1098 2994; x_wconf 81' lang='lat' dir='ltr'>sustinuit?</span> <span class='ocrx_word' id='word_1_216' title='bbox 1154 2928 1237 3005; x_wconf 84' lang='lat' dir='ltr'>Quia</span> <span class='ocrx_word' id='word_1_217' title='bbox 1269 2949 1442 3012; x_wconf 90' lang='lat' dir='ltr'>nunquam</span> 
     </span>
     <span class='ocr_line' id='line_1_26' title="bbox 267 3036 1519 3122; baseline -0.003 -20"><span class='ocrx_word' id='word_1_218' title='bbox 267 3039 380 3102; x_wconf 90' lang='lat' dir='ltr'>melior</span> <span class='ocrx_word' id='word_1_219' title='bbox 402 3037 473 3101; x_wconf 90' lang='lat' dir='ltr'>fuit.</span> <span class='ocrx_word' id='word_1_220' title='bbox 521 3036 586 3102; x_wconf 83' lang='lat' dir='ltr'>Cur</span> <span class='ocrx_word' id='word_1_221' title='bbox 608 3057 772 3121; x_wconf 84' lang='lat' dir='ltr'>nusquam</span> <span class='ocrx_word' id='word_1_222' title='bbox 795 3039 864 3122; x_wconf 88' lang='lat' dir='ltr'>ipse</span> <span class='ocrx_word' id='word_1_223' title='bbox 888 3036 1020 3101; x_wconf 90' lang='lat' dir='ltr'>disticha</span> <span class='ocrx_word' id='word_1_224' title='bbox 1043 3036 1179 3100; x_wconf 89' lang='lat' dir='ltr'>dissecta</span> <span class='ocrx_word' id='word_1_225' title='bbox 1198 3056 1238 3101; x_wconf 83' lang='lat' dir='ltr'>ex</span> <span class='ocrx_word' id='word_1_226' title='bbox 1261 3041 1350 3119; x_wconf 90' lang='lat' dir='ltr'>parte</span> <span class='ocrx_word' id='word_1_227' title='bbox 1374 3056 1443 3100; x_wconf 90' lang='lat' dir='ltr'>cor·</span> <span class='ocrx_word' id='word_1_228' title='bbox 1518 3087 1519 3090; x_wconf 17' lang='lat'>¹</span> 
     </span>
     <span class='ocr_line' id='line_1_27' title="bbox 266 3143 1442 3229; baseline -0.001 -22"><span class='ocrx_word' id='word_1_229' title='bbox 266 3165 338 3208; x_wconf 90' lang='lat' dir='ltr'>rosa</span> <span class='ocrx_word' id='word_1_230' title='bbox 360 3146 577 3228; x_wconf 84' lang='lat' dir='ltr'>reperiuntur,</span> <span class='ocrx_word' id='word_1_231' title='bbox 605 3165 663 3209; x_wconf 91' lang='lat' dir='ltr'>cur</span> <span class='ocrx_word' id='word_1_232' title='bbox 688 3166 852 3229; x_wconf 89' lang='lat' dir='ltr'>nusquam</span> <span class='ocrx_word' id='word_1_233' title='bbox 879 3148 1077 3228; x_wconf 87' lang='lat' dir='ltr'>pentameter</span> <span class='ocrx_word' id='word_1_234' title='bbox 1103 3145 1288 3209; x_wconf 87' lang='lat' dir='ltr'>hexametro</span> <span class='ocrx_word' id='word_1_235' title='bbox 1311 3143 1365 3208; x_wconf 85' lang='lat' dir='ltr'>vel</span> <span class='ocrx_word' id='word_1_236' title='bbox 1388 3144 1442 3207; x_wconf 86' lang='lat' dir='ltr'>hic</span> 
     </span>
     <span class='ocr_line' id='line_1_28' title="bbox 265 3251 1442 3334; baseline 0.001 -20"><span class='ocrx_word' id='word_1_237' title='bbox 265 3252 313 3314; x_wconf 90' lang='lat' dir='ltr'>illi</span> <span class='ocrx_word' id='word_1_238' title='bbox 346 3252 453 3316; x_wconf 82' lang='lat' dir='ltr'>deest?</span> <span class='ocrx_word' id='word_1_239' title='bbox 501 3251 565 3316; x_wconf 85' lang='lat' dir='ltr'>Cur</span> <span class='ocrx_word' id='word_1_240' title='bbox 598 3253 733 3318; x_wconf 90' lang='lat' dir='ltr'>disticha</span> <span class='ocrx_word' id='word_1_241' title='bbox 766 3274 824 3318; x_wconf 93' lang='lat' dir='ltr'>cur</span> <span class='ocrx_word' id='word_1_242' title='bbox 850 3271 965 3318; x_wconf 87' lang='lat' dir='ltr'>versus</span> <span class='ocrx_word' id='word_1_243' title='bbox 998 3270 1056 3316; x_wconf 90' lang='lat' dir='ltr'>cur</span> <span class='ocrx_word' id='word_1_244' title='bbox 1087 3251 1251 3316; x_wconf 88' lang='lat' dir='ltr'>enuntiata</span> <span class='ocrx_word' id='word_1_245' title='bbox 1278 3270 1442 3334; x_wconf 87' lang='lat' dir='ltr'>nusquam</span> 
     </span>
     <span class='ocr_line' id='line_1_29' title="bbox 266 3357 1519 3444; baseline -0.003 -20"><span class='ocrx_word' id='word_1_246' title='bbox 266 3379 331 3424; x_wconf 90' lang='lat' dir='ltr'>non</span> <span class='ocrx_word' id='word_1_247' title='bbox 354 3361 477 3444; x_wconf 90' lang='lat' dir='ltr'>integra</span> <span class='ocrx_word' id='word_1_248' title='bbox 499 3361 722 3443; x_wconf 88' lang='lat' dir='ltr'>reperiuntur?</span> <span class='ocrx_word' id='word_1_249' title='bbox 769 3359 931 3436; x_wconf 82' lang='lat' dir='ltr'>Quantula</span> <span class='ocrx_word' id='word_1_250' title='bbox 957 3379 1032 3424; x_wconf 80' lang='lat' dir='ltr'>vero</span> <span class='ocrx_word' id='word_1_251' title='bbox 1063 3360 1241 3424; x_wconf 82' lang='lat' dir='ltr'>carminum</span> <span class='ocrx_word' id='word_1_252' title='bbox 1264 3357 1443 3442; x_wconf 74' lang='lat' dir='ltr'>fragmenta</span> <span class='ocrx_word' id='word_1_253' title='bbox 1518 3425 1519 3440; x_wconf 26' lang='lat'>2</span> 
     </span>
    </p>
   </div>
   <div class='ocr_carea' id='block_1_3' title="bbox 265 3465 1519 4411">
    <p class='ocr_par' dir='ltr' id='par_1_3' title="bbox 265 3465 1519 4411">
     <span class='ocr_line' id='line_1_30' title="bbox 267 3465 1519 3551; baseline -0.003 -20"><span class='ocrx_word' id='word_1_254' title='bbox 267 3469 306 3531; x_wconf 85' lang='lat' dir='ltr'>ad</span> <span class='ocrx_word' id='word_1_255' title='bbox 329 3487 388 3532; x_wconf 89' lang='lat' dir='ltr'>nos</span> <span class='ocrx_word' id='word_1_256' title='bbox 410 3469 614 3551; x_wconf 88' lang='lat' dir='ltr'>pervenerint</span> <span class='ocrx_word' id='word_1_257' title='bbox 636 3467 724 3532; x_wconf 80' lang='lat' dir='ltr'>netas</span> <span class='ocrx_word' id='word_1_258' title='bbox 747 3473 795 3532; x_wconf 87' lang='lat' dir='ltr'>est</span> <span class='ocrx_word' id='word_1_259' title='bbox 819 3468 929 3532; x_wconf 89' lang='lat' dir='ltr'>dicere.</span> <span class='ocrx_word' id='word_1_260' title='bbox 975 3465 1049 3531; x_wconf 91' lang='lat' dir='ltr'>Duo</span> <span class='ocrx_word' id='word_1_261' title='bbox 1073 3467 1106 3530; x_wconf 91' lang='lat' dir='ltr'>hi</span> <span class='ocrx_word' id='word_1_262' title='bbox 1129 3465 1201 3530; x_wconf 90' lang='lat' dir='ltr'>libri</span> <span class='ocrx_word' id='word_1_263' title='bbox 1223 3467 1441 3548; x_wconf 87' lang='lat' dir='ltr'>grammaticis</span> <span class='ocrx_word' id='word_1_264' title='bbox 1518 3479 1519 3482; x_wconf 72' lang='grc'>’</span> 
     </span>
     <span class='ocr_line' id='line_1_31' title="bbox 266 3573 1441 3659; baseline -0.004 -20"><span class='ocrx_word' id='word_1_265' title='bbox 266 3576 416 3640; x_wconf 86' lang='lat' dir='ltr'>horreum</span> <span class='ocrx_word' id='word_1_266' title='bbox 439 3575 572 3644; x_wconf 88' lang='lat' dir='ltr'>fuerunt</span> <span class='ocrx_word' id='word_1_267' title='bbox 589 3575 646 3639; x_wconf 92' lang='lat' dir='ltr'>ubi</span> <span class='ocrx_word' id='word_1_268' title='bbox 665 3575 763 3640; x_wconf 91' lang='lat' dir='ltr'>durae</span> <span class='ocrx_word' id='word_1_269' title='bbox 791 3593 920 3659; x_wconf 85' lang='lat' dir='ltr'>asperae</span> <span class='ocrx_word' id='word_1_270' title='bbox 948 3573 1136 3658; x_wconf 85' lang='lat' dir='ltr'>inelegantis</span> <span class='ocrx_word' id='word_1_271' title='bbox 1159 3590 1314 3635; x_wconf 80' lang='lat' dir='ltr'>versuum</span> <span class='ocrx_word' id='word_1_272' title='bbox 1339 3590 1441 3636; x_wconf 91' lang='lat' dir='ltr'>enun-</span> 
     </span>
     <span class='ocr_line' id='line_1_32' title="bbox 265 3679 1441 3764; baseline -0.005 -17"><span class='ocrx_word' id='word_1_273' title='bbox 265 3685 416 3748; x_wconf 90' lang='lat' dir='ltr'>tiatorum</span> <span class='ocrx_word' id='word_1_274' title='bbox 458 3683 629 3748; x_wconf 89' lang='lat' dir='ltr'>verborum</span> <span class='ocrx_word' id='word_1_275' title='bbox 670 3683 838 3746; x_wconf 88' lang='lat' dir='ltr'>iuncturae</span> <span class='ocrx_word' id='word_1_276' title='bbox 876 3680 1022 3764; x_wconf 82' lang='lat' dir='ltr'>exempla</span> <span class='ocrx_word' id='word_1_277' title='bbox 1059 3679 1222 3744; x_wconf 89' lang='lat' dir='ltr'>uberrima</span> <span class='ocrx_word' id='word_1_278' title='bbox 1262 3679 1441 3762; x_wconf 85' lang='lat' dir='ltr'>unicuique</span> 
     </span>
     <span class='ocr_line' id='line_1_33' title="bbox 266 3784 1439 3874; baseline -0.005 -19"><span class='ocrx_word' id='word_1_279' title='bbox 266 3790 523 3874; x_wconf 86' lang='lat' dir='ltr'>quandocunque</span> <span class='ocrx_word' id='word_1_280' title='bbox 556 3790 668 3854; x_wconf 90' lang='lat' dir='ltr'>liberet</span> <span class='ocrx_word' id='word_1_281' title='bbox 700 3789 913 3874; x_wconf 90' lang='lat' dir='ltr'>depromenda</span> <span class='ocrx_word' id='word_1_282' title='bbox 943 3787 1097 3852; x_wconf 89' lang='lat' dir='ltr'>iacebant.</span> <span class='ocrx_word' id='word_1_283' title='bbox 1148 3784 1236 3861; x_wconf 82' lang='lat' dir='ltr'>Quae</span> <span class='ocrx_word' id='word_1_284' title='bbox 1264 3787 1326 3848; x_wconf 85' lang='grc'>1111</span> <span class='ocrx_word' id='word_1_285' title='bbox 1356 3786 1439 3850; x_wconf 92' lang='lat' dir='ltr'>docti</span> 
     </span>
     <span class='ocr_line' id='line_1_34' title="bbox 265 3893 1519 3982; baseline 0 -22"><span class='ocrx_word' id='word_1_286' title='bbox 265 3896 417 3982; x_wconf 89' lang='lat' dir='ltr'>Voigtius</span> <span class='ocrx_word' id='word_1_287' title='bbox 444 3899 615 3982; x_wconf 88' lang='lat' dir='ltr'>praecipue</span> <span class='ocrx_word' id='word_1_288' title='bbox 643 3897 671 3978; x_wconf 84' lang='lat' dir='ltr'>(l.</span> <span class='ocrx_word' id='word_1_289' title='bbox 696 3916 721 3959; x_wconf 95' lang='grc'>1.</span> <span class='ocrx_word' id='word_1_290' title='bbox 745 3917 774 3980; x_wconf 92' lang='lat' dir='ltr'>p.</span> <span class='ocrx_word' id='word_1_291' title='bbox 795 3896 909 3979; x_wconf 82' lang='lat' dir='ltr'>5sqq.)</span> <span class='ocrx_word' id='word_1_292' title='bbox 937 3895 976 3960; x_wconf 87' lang='lat' dir='ltr'>de</span> <span class='ocrx_word' id='word_1_293' title='bbox 1004 3894 1180 3959; x_wconf 86' lang='lat' dir='ltr'>subitaneis</span> <span class='ocrx_word' id='word_1_294' title='bbox 1209 3893 1440 3976; x_wconf 88' lang='lat' dir='ltr'>cogitationum</span> <span class='ocrx_word' id='word_1_295' title='bbox 1518 3951 1519 3960; x_wconf 73' lang='grc'>,</span> 
     </span>
     <span class='ocr_line' id='line_1_35' title="bbox 267 3989 1519 4082; baseline -0.005 -14"><span class='ocrx_word' id='word_1_296' title='bbox 267 4005 472 4070; x_wconf 88' lang='lat' dir='ltr'>consiliorum</span> <span class='ocrx_word' id='word_1_297' title='bbox 497 4005 667 4070; x_wconf 87' lang='lat' dir='ltr'>affectuum</span> <span class='ocrx_word' id='word_1_298' title='bbox 692 4002 969 4068; x_wconf 88' lang='lat' dir='ltr'>vicissitudinibus</span> <span class='ocrx_word' id='word_1_299' title='bbox 991 4001 1123 4065; x_wconf 88' lang='lat' dir='ltr'>fabulati</span> <span class='ocrx_word' id='word_1_300' title='bbox 1146 4005 1232 4082; x_wconf 89' lang='lat' dir='ltr'>sunt,</span> <span class='ocrx_word' id='word_1_301' title='bbox 1259 3999 1375 4064; x_wconf 90' lang='lat' dir='ltr'>vellem</span> <span class='ocrx_word' id='word_1_302' title='bbox 1399 4019 1441 4063; x_wconf 86' lang='lat' dir='ltr'>ex</span> <span class='ocrx_word' id='word_1_303' title='bbox 1518 3989 1519 3998; x_wconf 66' lang='grc'>’</span> 
     </span>
     <span class='ocr_line' id='line_1_36' title="bbox 265 4106 1441 4196; baseline -0.004 -22"><span class='ocrx_word' id='word_1_304' title='bbox 265 4112 397 4195; x_wconf 90' lang='lat' dir='ltr'>reliquis</span> <span class='ocrx_word' id='word_1_305' title='bbox 420 4112 509 4175; x_wconf 88' lang='lat' dir='ltr'>libris</span> <span class='ocrx_word' id='word_1_306' title='bbox 533 4110 802 4196; x_wconf 84' lang='lat' dir='ltr'>comprobassent,</span> <span class='ocrx_word' id='word_1_307' title='bbox 830 4111 1089 4193; x_wconf 88' lang='lat' dir='ltr'>qualemcunque</span> <span class='ocrx_word' id='word_1_308' title='bbox 1113 4109 1150 4172; x_wconf 93' lang='lat' dir='ltr'>de</span> <span class='ocrx_word' id='word_1_309' title='bbox 1168 4106 1258 4192; x_wconf 89' lang='lat' dir='ltr'>plebe</span> <span class='ocrx_word' id='word_1_310' title='bbox 1277 4107 1441 4171; x_wconf 91' lang='lat' dir='ltr'>hominem</span> 
     </span>
     <span class='ocr_line' id='line_1_37' title="bbox 265 4216 1440 4304; baseline -0.005 -22"><span class='ocrx_word' id='word_1_311' title='bbox 265 4240 331 4283; x_wconf 91' lang='lat' dir='ltr'>non</span> <span class='ocrx_word' id='word_1_312' title='bbox 359 4225 490 4304; x_wconf 88' lang='lat' dir='ltr'>poetam</span> <span class='ocrx_word' id='word_1_313' title='bbox 510 4218 566 4282; x_wconf 90' lang='lat' dir='ltr'>illa</span> <span class='ocrx_word' id='word_1_314' title='bbox 594 4219 715 4282; x_wconf 89' lang='lat' dir='ltr'>decent.</span> <span class='ocrx_word' id='word_1_315' title='bbox 761 4217 961 4282; x_wconf 90' lang='lat' dir='ltr'>Paucissima</span> <span class='ocrx_word' id='word_1_316' title='bbox 988 4218 1111 4300; x_wconf 87' lang='lat' dir='ltr'>integra</span> <span class='ocrx_word' id='word_1_317' title='bbox 1138 4216 1278 4278; x_wconf 89' lang='lat' dir='ltr'>carmina</span> <span class='ocrx_word' id='word_1_318' title='bbox 1305 4216 1440 4300; x_wconf 88' lang='lat' dir='ltr'>repperi.</span> 
     </span>
     <span class='ocr_line' id='line_1_38' title="bbox 265 4323 1441 4411; baseline -0.006 -20"><span class='ocrx_word' id='word_1_319' title='bbox 265 4327 309 4392; x_wconf 93' lang='lat' dir='ltr'>Ut</span> <span class='ocrx_word' id='word_1_320' title='bbox 336 4347 373 4391; x_wconf 91' lang='lat' dir='ltr'>ea</span> <span class='ocrx_word' id='word_1_321' title='bbox 399 4327 554 4411; x_wconf 86' lang='lat' dir='ltr'>proferam</span> <span class='ocrx_word' id='word_1_322' title='bbox 579 4345 661 4409; x_wconf 87' lang='lat' dir='ltr'>quae</span> <span class='ocrx_word' id='word_1_323' title='bbox 684 4325 763 4389; x_wconf 88' lang='lat' dir='ltr'>mihi</span> <span class='ocrx_word' id='word_1_324' title='bbox 785 4325 948 4406; x_wconf 84' lang='lat' dir='ltr'>adnotavi,</span> <span class='ocrx_word' id='word_1_325' title='bbox 976 4345 1026 4388; x_wconf 86' lang='lat' dir='ltr'>vv.</span> <span class='ocrx_word' id='word_1_326' title='bbox 1053 4325 1084 4406; x_wconf 82' lang='lat'>3,</span> <span class='ocrx_word' id='word_1_327' title='bbox 1106 4324 1277 4385; x_wconf 59' lang='lat' dir='ltr'>als-ola</span> <span class='ocrx_word' id='word_1_328' title='bbox 1300 4323 1441 4386; x_wconf 84' lang='lat' dir='ltr'>carmina</span> 
     </span>
    </p>
   </div>
   <div class='ocr_carea' id='block_1_4' title="bbox 0 0 1542 4788">
    <p class='ocr_par' dir='ltr' id='par_1_4' title="bbox 0 0 1542 4788">
     <span class='ocr_line' id='line_1_39' title="bbox 0 0 1542 4788; baseline 0 1"><span class='ocrx_word' id='word_1_329' title='bbox 0 0 1542 4788; x_wconf 95' lang='lat' dir='ltr'> </span> 
     </span>
    </p>
   </div>
  </div>
 </body>
</html>
