3074 4788
755 297 973 358 ..48-

281 476 340 538 etsi
363 474 604 539 celeberrimum
628 493 693 537 non
717 493 792 538 eum
815 493 885 537 esse
907 475 1050 558 potuisse
1074 495 1092 537 a
1112 493 1175 556 quo
1200 473 1366 556 splendida
1390 493 1456 536 ma-
1521 529 1522 546 ,

280 586 391 645 tronae
413 580 576 644 Romanae
596 580 696 664 gloria
718 580 895 664 refulgeret.
935 580 996 644 Sed
1014 586 1118 665 potest
1140 580 1223 643 obici
1247 583 1454 664 antiquorum
1521 547 1522 638 4

281 695 441 752 matronae
464 686 625 752 Romanae
648 707 773 751 morum
796 688 878 752 nihil
894 688 961 752 fere
978 690 1013 750 in
1033 686 1169 768 Cynthia
1186 688 1329 772 indagari
1352 707 1455 772 posse.

280 796 314 860 Si
336 815 402 859 non
425 794 534 858 Roscii
558 794 607 876 (cf.
627 813 710 877 qnae
729 793 837 858 Cicero
857 795 896 858 de
914 795 1058 858 moribus
1081 797 1152 859 eius
1175 797 1210 858 in
1234 797 1376 859 oratione
1396 815 1454 879 pro

279 903 333 966 illo
361 901 469 966 habita
498 901 582 982 dicit)
610 906 718 966 tamen
745 901 884 986 volgaris
913 904 1075 966 scaenicae
1106 904 1211 986 gentis
1243 903 1351 966 studia
1378 922 1454 966 cum
1521 973 1522 980 ,

281 1010 392 1075 ardore
416 1007 554 1093 quodam
578 1008 724 1092 amplexa
747 1014 802 1072 est.
1521 1003 1522 1032 ¹

372 1115 420 1180 De
456 1115 641 1200 parentibus
683 1126 713 1180 11
754 1117 943 1200 propinquis
980 1116 1135 1198 Cynthiae
1177 1135 1279 1200 pauca
1322 1117 1454 1179 scimus.

278 1223 373 1287 Pater
395 1223 523 1288 videtur
545 1230 618 1288 ante
636 1223 793 1306 Propertii
812 1241 951 1286 amorem
971 1225 1080 1307 obiise,
1103 1228 1237 1288 matrem
1261 1221 1372 1286 habuit
1396 1243 1451 1285 su·
1521 1211 1522 1266 l

278 1332 450 1414 perstitem,
472 1337 511 1394 ut
528 1335 686 1394 testantur
703 1351 754 1394 vv.
774 1331 815 1394 ΙΙ.
836 1331 864 1408 6,
887 1331 924 1393 11
946 1330 1004 1394 III.
1026 1332 1077 1413 15,
1097 1332 1149 1412 20,
1172 1349 1311 1394 sororem
1331 1329 1454 1411 habuit,
1521 1415 1522 1418 Ἴ

278 1437 315 1500 cf.
338 1457 368 1500 v.
395 1436 436 1500 ΙΙ.
466 1437 572 1519 6,12,
598 1437 730 1502 fortasse
758 1443 894 1521 utraque
923 1445 996 1502 ante
1024 1457 1152 1502 carmen
1179 1437 1218 1499 V.
1244 1438 1261 1499 l
1292 1439 1451 1520 scriptum

278 1544 327 1625 (cf.
346 1565 376 1608 v.
396 1545 451 1624 23)
474 1549 601 1607 mortua
624 1549 703 1626 erat,
735 1545 815 1608 alios
847 1548 1042 1629 propinquos
1068 1544 1179 1609 habuit
1202 1544 1349 1610 11111.
1370 1544 1454 1625 aa,
1521 1531 1522 1600 3

277 1653 394 1716 arnicas
418 1650 466 1733 (cf.
485 1650 571 1731 ibid.)
597 1657 633 1715 11
660 1652 778 1714 amicos
807 1654 960 1716 omittam.
1005 1652 1068 1716 Sed
1097 1669 1255 1736 quaenam
1282 1652 1352 1735 ipsa
1379 1649 1452 1731 tuit,

276 1779 356 1822 num
379 1758 525 1822 libertina
548 1763 604 1821 ant
631 1759 782 1822 meretrix
805 1766 843 1823 11
865 1759 995 1843 plurimi
1024 1761 1194 1842 hucusque
1220 1757 1451 1822 indiarerunt?

277 1865 423 1929 Carmine
442 1865 483 1928 Π.
504 1867 522 1928 7
541 1865 614 1929 1111
637 1865 754 1929 clarius
778 1865 913 1930 efficitur
936 1872 1078 1930 amantes
1102 1867 1295 1947 matrimonii
1318 1863 1450 1928 vinculo
1521 1919 1522 1939 ,

275 1974 367 2057 iungi
389 1993 454 2036 non
472 1974 622 2056 potuisse.
668 1973 828 2037 Promittit
851 1975 936 2038 enim
955 1979 1047 2057 poeta
1066 1993 1100 2037 se
1119 1993 1286 2056 nunquam
1311 1989 1449 2035 uxorem
1521 1981 1522 2008 ³

276 2081 448 2146 ducturum
473 2099 543 2144 esse
567 2078 721 2161 Cynthiae
748 2086 876 2163 propter
904 2099 1058 2166 amorem,
1085 2099 1126 2144 ne
1154 2080 1287 2144 verbum
1317 2079 1448 2162 quidem

276 2189 315 2251 de
337 2189 440 2272 ipsius
469 2207 543 2250 cum
572 2186 709 2267 Cynthia
735 2187 876 2250 ineundo
904 2189 1121 2269 matrimonio,
1147 2186 1331 2250 firmissimo
1360 2185 1449 2248 iliius

274 2298 390 2360 amoris
417 2294 562 2376 vinculo,
590 2294 719 2358 addens.
764 2294 949 2358 Periculum
977 2301 1043 2358 erat
1065 2313 1107 2358 ne
1134 2313 1267 2358 uxorem
1293 2293 1448 2376 1111111-
1521 2355 1522 2370 ,

274 2421 344 2466 cere
363 2407 541 2486 cogeretur,
564 2401 603 2464 de
622 2399 758 2482 Cynthia
777 2401 978 2466 ducendane
997 2403 1113 2486 cogitat
1132 2401 1269 2484 quidem.
1302 2397 1350 2464 De
1368 2402 1447 2464 iusti

273 2511 467 2574 matrimonii
490 2508 727 2591 impedimentis
745 2507 905 2574 Walterus
930 2508 1130 2588 (Cesohichte
1153 2509 1208 2572 des
1230 2514 1309 2572 rom.
1328 2507 1446 2572 Rechts
1521 2503 1522 2512 ’

273 2616 321 2680 bis
341 2616 399 2681 auf
413 2617 576 2680 Justinian
596 2615 615 2696 ξ
636 2615 711 2695 521)
731 2616 802 2698 egit.
839 2614 984 2680 Plurima
1006 2615 1045 2679 ab
1067 2616 1126 2678 hac
1149 2605 1334 2698 quaestione
1356 2635 1446 2699 pror-

273 2743 329 2787 sus
353 2725 456 2788 aliena
480 2728 562 2786 sunt.
600 2719 761 2784 libertina
785 2721 921 2803 Cynthia
939 2743 1005 2786 non
1023 2722 1094 2806 fuit,
1118 2717 1222 2786 avum
1239 2723 1324 2786 enim
1349 2721 1445 2786 habet
1521 2707 1522 2710 ¹

273 2830 513 2896 celebenimum
538 2827 782 2911 (11111720,
807 2830 1031 2912 8),1111111111
1054 2836 1101 2895 est
1124 2830 1239 2894 domus
1263 2831 1333 2893 elus
1357 2827 1444 2913 (ibid.

272 2957 302 3000 v.
324 2936 526 3019 9),111111111
546 2954 621 2998 avos
639 2936 755 2999 iactare
773 2938 876 3019 potuit
894 2941 934 3018 (v.
950 2937 1008 3002 ΙΙΙ.
1026 2939 1076 3019 13,
1096 2939 1158 3018 10),
1176 2937 1286 3001 eadem
1305 2939 1444 3002 carmine

271 3043 331 3107 ΙΙΙ.
358 3045 399 3106 23
429 3047 618 3125 sumptuosa
649 3043 765 3107 mulier
797 3050 845 3108 est
878 3063 959 3127 quae
991 3064 1056 3107 non
1087 3045 1202 3109 reiecto
1230 3043 1326 3108 libera
1349 3045 1445 3108 radat

181 3139 183 3142 ’
272 3151 399 3213 amictu.
450 3147 622 3212 Adsentior
655 3148 797 3234 Gruppio
832 3153 888 3234 qui
920 3153 1043 3235 primus
1075 3153 1203 3234 negavit
1231 3168 1301 3214 eam
1328 3151 1444 3218 liberti-

271 3277 348 3320 nam
376 3255 476 3320 fuisse
504 3255 604 3337 (Riim.
633 3255 743 3341 Elegia
771 3257 795 3319 Ι.
819 3279 848 3342 p.
875 3259 960 3343 342).
1005 3257 1144 3322 Eosdem
1173 3257 1211 3320 ob
1239 3277 1354 3322 versus
1377 3279 1442 3324 non

272 3364 400 3428 videtur
430 3362 556 3447 publice
588 3366 623 3426 in
652 3383 765 3428 scaena
794 3367 911 3449 egisse3
944 3364 1133 3449 plerumque
1165 3367 1250 3428 enim
1277 3365 1442 3432 libertinae

270 3478 326 3536 aut
349 3471 494 3534 homines
522 3470 651 3534 infimae
679 3471 778 3555 plebis
802 3475 836 3535 in
856 3491 1003 3536 scaenam
1026 3471 1201 3556 prodibant.
1238 3469 1306 3536 Nec
1329 3473 1441 3556 proba-

269 3578 331 3641 bile
346 3583 395 3641 est
406 3577 553 3662 deprensi
563 3576 710 3640 adulterii
726 3579 887 3644 infamiam
897 3579 949 3642 rel
959 3580 1041 3642 alius
1053 3579 1195 3643 criminis
1209 3580 1439 3662 turpitudinem

194 3760 196 3766 ¹
270 3686 358 3749 hisce
376 3683 572 3768 temporibus
597 3703 615 3746 a
633 3691 746 3749 senatu
764 3688 816 3750 rel
835 3709 853 3751 a
870 3687 1012 3772 principe
1031 3685 1099 3749 tolli
1122 3705 1188 3749 non
1211 3688 1363 3769 potuisse,
1386 3705 1441 3751 ne-

271 3811 334 3874 que
352 3797 389 3855 ut
408 3791 469 3854 hoc
486 3790 576 3854 fieret
592 3796 717 3874 poetam
737 3799 920 3878 optaturum
939 3793 1046 3856 luisse.
1079 3793 1110 3856 N
1111 3811 1129 3857 e
1147 3795 1344 3857 meretricem
1369 3797 1439 3877 qui-

269 3899 342 3962 dem
369 3896 529 3981 publicam
558 3896 726 3979 Cynthiam
753 3901 854 3966 fuisse
882 3902 996 3965 docent
1024 3919 1073 3966 vv.
1102 3900 1127 3962 I.
1153 3901 1182 3981 5,
1207 3901 1235 3981 7,
1262 3899 1305 3963 ΙΙ.
1331 3903 1363 3982 1,
1386 3904 1439 3985 49,

269 4005 327 4068 ΙΠ,
354 4006 405 4087 13,
429 4006 459 4086 9,
482 4025 506 4068 o.
530 4005 590 4069 III.
605 4008 656 4069 23
676 4013 707 4071 et
727 4009 778 4090 24,
796 4028 846 4071 vv.
871 4007 926 4071 IV.
949 4008 1000 4090 14,
1020 4009 1060 4070 29
1081 4029 1148 4091 sqq.
1173 4006 1266 4088 (conf.
1285 4006 1361 4070 Hor.
1381 4015 1437 4072 sat.

268 4133 296 4174 v.
321 4112 346 4177 Ι.
371 4114 401 4194 2,
425 4114 477 4193 94)
504 4113 543 4175 V.
569 4114 597 4196 7,
621 4115 671 4180 39.
717 4115 806 4179 Viles
839 4117 964 4200 quaerit
995 4120 1087 4198 poeta
1117 4116 1152 4176 in
1185 4115 1326 4178 carmine
1353 4115 1378 4178 Ι.
1410 4117 1436 4178 1.

268 4219 320 4284 Μ1
343 4221 449 4284 iudice
471 4222 536 4283 iam
559 4226 632 4284 ante
655 4222 812 4307 Propertii
841 4243 979 4288 amorem
1005 4221 1141 4303 Cynthia
1162 4223 1195 4284 in
1220 4223 1305 4286 11111
1329 4224 1437 4285 matri·

267 4329 376 4392 monio
400 4329 551 4391 collocata
574 4336 647 4392 erat.
687 4328 776 4395 Haec
801 4330 867 4393 sola
890 4332 1071 4394 coniectura
1094 4329 1244 4393 omnibus
1271 4333 1437 4415 perpensis
