<?xml version="1.0" encoding="UTF-8"?>
<!DOCTYPE html PUBLIC "-//W3C//DTD XHTML 1.0 Transitional//EN"
    "http://www.w3.org/TR/xhtml1/DTD/xhtml1-transitional.dtd">
<html xmlns="http://www.w3.org/1999/xhtml" xml:lang="en" lang="en">
 <head>
  <title>
</title>
<meta http-equiv="Content-Type" content="text/html;charset=utf-8" />
  <meta name='ocr-system' content='tesseract 3.04.00' />
  <meta name='ocr-capabilities' content='ocr_page ocr_carea ocr_par ocr_line ocrx_word'/>
</head>
<body>
  <div class='ocr_page' id='page_1' title='image "./depropertiivita00marxgoog_0040.png"; bbox 0 0 3074 4788; ppageno 0'>
   <div class='ocr_carea' id='block_1_1' title="bbox 476 273 785 356">
    <p class='ocr_par' dir='ltr' id='par_1_1' title="bbox 476 273 785 356">
     <span class='ocr_line' id='line_1_1' title="bbox 476 273 785 356; baseline 0.003 -23"><span class='ocrx_word' id='word_1_1' title='bbox 476 273 785 356; x_wconf 42' lang='lat' dir='ltr'>¹-asm</span> 
     </span>
    </p>
   </div>
   <div class='ocr_carea' id='block_1_2' title="bbox 80 449 1338 4278">
    <p class='ocr_par' dir='ltr' id='par_1_2' title="bbox 85 449 1261 642">
     <span class='ocr_line' id='line_1_2' title="bbox 87 449 1261 534; baseline -0.001 -19"><span class='ocrx_word' id='word_1_2' title='bbox 87 453 232 516; x_wconf 86' lang='lat' dir='ltr'>carmine</span> <span class='ocrx_word' id='word_1_3' title='bbox 258 450 283 515; x_wconf 92' lang='grc' dir='ltr'>Ι.</span> <span class='ocrx_word' id='word_1_4' title='bbox 315 451 355 515; x_wconf 85' lang='grc'><strong>15</strong></span> <span class='ocrx_word' id='word_1_5' title='bbox 379 469 482 515; x_wconf 84' lang='lat' dir='ltr'>semro</span> <span class='ocrx_word' id='word_1_6' title='bbox 505 450 542 519; x_wconf 84' lang='lat' dir='ltr'>fit</span> <span class='ocrx_word' id='word_1_7' title='bbox 563 470 628 517; x_wconf 89' lang='lat' dir='ltr'>non</span> <span class='ocrx_word' id='word_1_8' title='bbox 652 450 854 534; x_wconf 80' lang='lat' dir='ltr'>naufragium</span> <span class='ocrx_word' id='word_1_9' title='bbox 878 451 933 514; x_wconf 88' lang='lat' dir='ltr'>sed</span> <span class='ocrx_word' id='word_1_10' title='bbox 956 449 1086 514; x_wconf 86' lang='lat' dir='ltr'>morbus</span> <span class='ocrx_word' id='word_1_11' title='bbox 1109 452 1143 514; x_wconf 93' lang='lat' dir='ltr'>ni</span> <span class='ocrx_word' id='word_1_12' title='bbox 1170 450 1261 514; x_wconf 90' lang='lat' dir='ltr'>fallor</span> 
     </span>
     <span class='ocr_line' id='line_1_3' title="bbox 85 547 930 642; baseline -0.002 -20"><span class='ocrx_word' id='word_1_13' title='bbox 85 564 191 634; x_wconf 82' lang='lat' dir='ltr'>morte</span> <span class='ocrx_word' id='word_1_14' title='bbox 215 564 246 623; x_wconf 88' lang='grc' dir='ltr'>θῖ</span> <span class='ocrx_word' id='word_1_15' title='bbox 269 558 413 624; x_wconf 84' lang='lat' dir='ltr'>discessu</span> <span class='ocrx_word' id='word_1_16' title='bbox 437 560 630 642; x_wconf 85' lang='lat' dir='ltr'>sempiterno</span> <span class='ocrx_word' id='word_1_17' title='bbox 654 547 840 622; x_wconf 81' lang='lat' dir='ltr'>imminente</span> <span class='ocrx_word' id='word_1_18' title='bbox 862 557 930 621; x_wconf 78' lang='lat' dir='ltr'>fuit.</span> 
     </span>
    </p>

    <p class='ocr_par' dir='ltr' id='par_1_3' title="bbox 82 663 1338 2036">
     <span class='ocr_line' id='line_1_4' title="bbox 177 663 1338 750; baseline -0.002 -20"><span class='ocrx_word' id='word_1_19' title='bbox 177 665 354 732; x_wconf 70' lang='lat' dir='ltr'>Maecenati</span> <span class='ocrx_word' id='word_1_20' title='bbox 377 664 562 750; x_wconf 78' lang='lat' dir='ltr'>Propertius</span> <span class='ocrx_word' id='word_1_21' title='bbox 594 666 742 748; x_wconf 81' lang='lat' dir='ltr'>cognitus</span> <span class='ocrx_word' id='word_1_22' title='bbox 774 671 841 730; x_wconf 88' lang='lat' dir='ltr'>erat</span> <span class='ocrx_word' id='word_1_23' title='bbox 872 673 945 728; x_wconf 89' lang='lat' dir='ltr'>ante</span> <span class='ocrx_word' id='word_1_24' title='bbox 978 666 1112 728; x_wconf 87' lang='lat' dir='ltr'>alterum</span> <span class='ocrx_word' id='word_1_25' title='bbox 1141 663 1260 728; x_wconf 92' lang='lat' dir='ltr'>librum</span> <span class='ocrx_word' id='word_1_26' title='bbox 1335 673 1338 679; x_wconf 88' lang='lat'>&#39;</span> 
     </span>
     <span class='ocr_line' id='line_1_5' title="bbox 83 771 1259 862; baseline 0 -28"><span class='ocrx_word' id='word_1_27' title='bbox 83 772 185 837; x_wconf 77' lang='lat' dir='ltr'>scribi</span> <span class='ocrx_word' id='word_1_28' title='bbox 207 779 363 858; x_wconf 84' lang='lat' dir='ltr'>coeptum.</span> <span class='ocrx_word' id='word_1_29' title='bbox 409 773 478 836; x_wconf 86' lang='lat' dir='ltr'>Aut</span> <span class='ocrx_word' id='word_1_30' title='bbox 505 773 574 856; x_wconf 88' lang='lat' dir='ltr'>ipso</span> <span class='ocrx_word' id='word_1_31' title='bbox 602 773 704 855; x_wconf 89' lang='lat' dir='ltr'>primo</span> <span class='ocrx_word' id='word_1_32' title='bbox 729 771 901 854; x_wconf 80' lang='lat' dir='ltr'>elegiarum</span> <span class='ocrx_word' id='word_1_33' title='bbox 929 771 1007 835; x_wconf 91' lang='lat' dir='ltr'>libro</span> <span class='ocrx_word' id='word_1_34' title='bbox 1031 773 1114 836; x_wconf 88' lang='lat' dir='ltr'>edito</span> <span class='ocrx_word' id='word_1_35' title='bbox 1138 774 1169 836; x_wconf 91' lang='lat' dir='ltr'>ei</span> <span class='ocrx_word' id='word_1_36' title='bbox 1190 792 1259 862; x_wconf 86' lang='lat' dir='ltr'>per-</span> 
     </span>
     <span class='ocr_line' id='line_1_6' title="bbox 84 879 1259 964; baseline 0 -22"><span class='ocrx_word' id='word_1_37' title='bbox 84 881 194 944; x_wconf 68' lang='lat' dir='ltr'>notum</span> <span class='ocrx_word' id='word_1_38' title='bbox 217 886 272 946; x_wconf 89' lang='lat' dir='ltr'>ant</span> <span class='ocrx_word' id='word_1_39' title='bbox 294 879 385 946; x_wconf 74' lang='lat' dir='ltr'>Tullo</span> <span class='ocrx_word' id='word_1_40' title='bbox 408 879 623 946; x_wconf 80' lang='lat' dir='ltr'>intercedente</span> <span class='ocrx_word' id='word_1_41' title='bbox 647 883 774 942; x_wconf 88' lang='lat' dir='ltr'>etanta</span> <span class='ocrx_word' id='word_1_42' title='bbox 797 880 857 943; x_wconf 89' lang='lat' dir='ltr'>iter</span> <span class='ocrx_word' id='word_1_43' title='bbox 880 899 977 942; x_wconf 91' lang='lat' dir='ltr'>suum</span> <span class='ocrx_word' id='word_1_44' title='bbox 1001 899 1124 944; x_wconf 88' lang='lat' dir='ltr'>novum</span> <span class='ocrx_word' id='word_1_45' title='bbox 1148 887 1259 964; x_wconf 88' lang='lat' dir='ltr'>poetae</span> 
     </span>
     <span class='ocr_line' id='line_1_7' title="bbox 84 984 1258 1073; baseline -0.002 -21"><span class='ocrx_word' id='word_1_46' title='bbox 84 993 260 1069; x_wconf 77' lang='lat' dir='ltr'>panoanrn</span> <span class='ocrx_word' id='word_1_47' title='bbox 282 991 464 1073; x_wconf 81' lang='lat' dir='ltr'>quaerente.</span> <span class='ocrx_word' id='word_1_48' title='bbox 511 984 692 1048; x_wconf 87' lang='lat' dir='ltr'>Benevolus</span> <span class='ocrx_word' id='word_1_49' title='bbox 723 993 759 1050; x_wconf 88' lang='lat' dir='ltr'>ut</span> <span class='ocrx_word' id='word_1_50' title='bbox 782 991 865 1050; x_wconf 89' lang='lat' dir='ltr'>reete</span> <span class='ocrx_word' id='word_1_51' title='bbox 888 985 1116 1070; x_wconf 84' lang='lat' dir='ltr'>Hertzbergius</span> <span class='ocrx_word' id='word_1_52' title='bbox 1139 987 1258 1051; x_wconf 88' lang='lat' dir='ltr'>iudica-</span> 
     </span>
     <span class='ocr_line' id='line_1_8' title="bbox 84 1091 1258 1178; baseline 0.002 -24"><span class='ocrx_word' id='word_1_53' title='bbox 84 1094 134 1158; x_wconf 85' lang='lat' dir='ltr'>vit</span> <span class='ocrx_word' id='word_1_54' title='bbox 154 1099 310 1178; x_wconf 76' lang='lat' dir='ltr'>patronus</span> <span class='ocrx_word' id='word_1_55' title='bbox 333 1093 500 1164; x_wconf 76' lang='lat' dir='ltr'>Maecenas</span> <span class='ocrx_word' id='word_1_56' title='bbox 522 1099 633 1176; x_wconf 87' lang='lat' dir='ltr'>poetae</span> <span class='ocrx_word' id='word_1_57' title='bbox 656 1091 732 1173; x_wconf 77' lang='lat' dir='ltr'>fuit,</span> <span class='ocrx_word' id='word_1_58' title='bbox 759 1101 790 1158; x_wconf 90' lang='lat' dir='ltr'>et</span> <span class='ocrx_word' id='word_1_59' title='bbox 813 1094 879 1175; x_wconf 86' lang='lat' dir='ltr'>hic,</span> <span class='ocrx_word' id='word_1_60' title='bbox 907 1114 1103 1176; x_wconf 88' lang='lat' dir='ltr'>quamquam</span> <span class='ocrx_word' id='word_1_61' title='bbox 1126 1093 1258 1158; x_wconf 80' lang='lat' dir='ltr'>fortasse</span> 
     </span>
     <span class='ocr_line' id='line_1_9' title="bbox 84 1197 1258 1283; baseline 0.002 -21"><span class='ocrx_word' id='word_1_62' title='bbox 84 1219 255 1283; x_wconf 79' lang='lat' dir='ltr'>nunquam</span> <span class='ocrx_word' id='word_1_63' title='bbox 284 1207 351 1264; x_wconf 89' lang='lat' dir='ltr'>arto</span> <span class='ocrx_word' id='word_1_64' title='bbox 383 1201 539 1266; x_wconf 84' lang='lat' dir='ltr'>amicitiae</span> <span class='ocrx_word' id='word_1_65' title='bbox 566 1197 697 1262; x_wconf 84' lang='lat' dir='ltr'>vinculo</span> <span class='ocrx_word' id='word_1_66' title='bbox 730 1201 813 1263; x_wconf 88' lang='lat' dir='ltr'>inter</span> <span class='ocrx_word' id='word_1_67' title='bbox 845 1219 878 1263; x_wconf 89' lang='lat' dir='ltr'>se</span> <span class='ocrx_word' id='word_1_68' title='bbox 907 1200 999 1264; x_wconf 90' lang='lat' dir='ltr'>ambo</span> <span class='ocrx_word' id='word_1_69' title='bbox 1027 1201 1129 1266; x_wconf 90' lang='lat' dir='ltr'>iuncti</span> <span class='ocrx_word' id='word_1_70' title='bbox 1161 1206 1258 1282; x_wconf 73' lang='lat' dir='ltr'>erant</span> 
     </span>
     <span class='ocr_line' id='line_1_10' title="bbox 83 1305 1332 1394; baseline 0.001 -24"><span class='ocrx_word' id='word_1_71' title='bbox 83 1312 214 1389; x_wconf 86' lang='lat' dir='ltr'>gratum</span> <span class='ocrx_word' id='word_1_72' title='bbox 239 1327 336 1378; x_wconf 87' lang='lat' dir='ltr'>sunm</span> <span class='ocrx_word' id='word_1_73' title='bbox 360 1309 503 1375; x_wconf 89' lang='lat' dir='ltr'>animum</span> <span class='ocrx_word' id='word_1_74' title='bbox 533 1306 673 1371; x_wconf 85' lang='lat' dir='ltr'>ostendit</span> <span class='ocrx_word' id='word_1_75' title='bbox 700 1305 827 1370; x_wconf 91' lang='lat' dir='ltr'>dnobus</span> <span class='ocrx_word' id='word_1_76' title='bbox 855 1307 1049 1372; x_wconf 86' lang='lat' dir='ltr'>carminibus</span> <span class='ocrx_word' id='word_1_77' title='bbox 1077 1310 1159 1374; x_wconf 89' lang='lat' dir='ltr'>inter</span> <span class='ocrx_word' id='word_1_78' title='bbox 1185 1311 1257 1394; x_wconf 89' lang='lat' dir='ltr'>pul·</span> <span class='ocrx_word' id='word_1_79' title='bbox 1331 1317 1332 1321; x_wconf 77' lang='grc'>’</span> 
     </span>
     <span class='ocr_line' id='line_1_11' title="bbox 82 1413 1256 1498; baseline 0.003 -24"><span class='ocrx_word' id='word_1_80' title='bbox 82 1413 260 1481; x_wconf 76' lang='lat' dir='ltr'>,cherrimas</span> <span class='ocrx_word' id='word_1_81' title='bbox 282 1415 439 1498; x_wconf 83' lang='lat' dir='ltr'>elegiacae</span> <span class='ocrx_word' id='word_1_82' title='bbox 461 1414 566 1498; x_wconf 88' lang='lat' dir='ltr'>poesis</span> <span class='ocrx_word' id='word_1_83' title='bbox 594 1413 746 1495; x_wconf 87' lang='lat' dir='ltr'>reliquias</span> <span class='ocrx_word' id='word_1_84' title='bbox 769 1415 964 1497; x_wconf 59' lang='lat' dir='ltr'>conspicuis</span> <span class='ocrx_word' id='word_1_85' title='bbox 996 1415 1190 1480; x_wconf 86' lang='lat' dir='ltr'>carminibus</span> <span class='ocrx_word' id='word_1_86' title='bbox 1215 1416 1256 1478; x_wconf 90' lang='grc' dir='ltr'>Π.</span> 
     </span>
     <span class='ocr_line' id='line_1_12' title="bbox 87 1519 1258 1606; baseline 0.003 -24"><span class='ocrx_word' id='word_1_87' title='bbox 87 1521 102 1582; x_wconf 94' lang='grc'><strong>1</strong></span> <span class='ocrx_word' id='word_1_88' title='bbox 131 1527 164 1587; x_wconf 88' lang='grc' dir='ltr'>θῖ</span> <span class='ocrx_word' id='word_1_89' title='bbox 186 1520 242 1588; x_wconf 80' lang='lat' dir='ltr'>IV.</span> <span class='ocrx_word' id='word_1_90' title='bbox 268 1523 296 1584; x_wconf 86' lang='lat'>9.</span> <span class='ocrx_word' id='word_1_91' title='bbox 325 1521 530 1588; x_wconf 48' lang='lat' dir='ltr'>¹Admiratus</span> <span class='ocrx_word' id='word_1_92' title='bbox 554 1527 603 1586; x_wconf 90' lang='lat' dir='ltr'>est</span> <span class='ocrx_word' id='word_1_93' title='bbox 626 1519 793 1584; x_wconf 86' lang='lat' dir='ltr'>Maecenas</span> <span class='ocrx_word' id='word_1_94' title='bbox 815 1529 925 1603; x_wconf 86' lang='lat' dir='ltr'>poetae</span> <span class='ocrx_word' id='word_1_95' title='bbox 947 1523 1129 1606; x_wconf 70' lang='lat' dir='ltr'>ingenium,</span> <span class='ocrx_word' id='word_1_96' title='bbox 1157 1523 1258 1588; x_wconf 90' lang='lat' dir='ltr'>doluit</span> 
     </span>
     <span class='ocr_line' id='line_1_13' title="bbox 83 1627 1256 1712; baseline 0 -20"><span class='ocrx_word' id='word_1_97' title='bbox 83 1633 212 1710; x_wconf 71' lang='lat' dir='ltr'>pesam</span> <span class='ocrx_word' id='word_1_98' title='bbox 232 1630 317 1696; x_wconf 88' lang='lat' dir='ltr'>inter</span> <span class='ocrx_word' id='word_1_99' title='bbox 340 1629 477 1712; x_wconf 86' lang='lat' dir='ltr'>optimos</span> <span class='ocrx_word' id='word_1_100' title='bbox 505 1629 665 1710; x_wconf 84' lang='lat' dir='ltr'>insignem</span> <span class='ocrx_word' id='word_1_101' title='bbox 688 1632 752 1692; x_wconf 84' lang='lat' dir='ltr'>tam</span> <span class='ocrx_word' id='word_1_102' title='bbox 776 1627 896 1691; x_wconf 81' lang='lat' dir='ltr'>vilibus</span> <span class='ocrx_word' id='word_1_103' title='bbox 924 1627 1021 1692; x_wconf 89' lang='lat' dir='ltr'>rebus</span> <span class='ocrx_word' id='word_1_104' title='bbox 1049 1648 1090 1692; x_wconf 90' lang='lat' dir='ltr'>ne</span> <span class='ocrx_word' id='word_1_105' title='bbox 1114 1630 1256 1695; x_wconf 87' lang='lat' dir='ltr'>honestis</span> 
     </span>
     <span class='ocr_line' id='line_1_14' title="bbox 84 1731 1258 1819; baseline -0.002 -17"><span class='ocrx_word' id='word_1_106' title='bbox 84 1735 218 1817; x_wconf 88' lang='lat' dir='ltr'>quidem</span> <span class='ocrx_word' id='word_1_107' title='bbox 243 1736 327 1802; x_wconf 90' lang='lat' dir='ltr'>diem</span> <span class='ocrx_word' id='word_1_108' title='bbox 355 1741 386 1802; x_wconf 90' lang='lat' dir='ltr'>ot</span> <span class='ocrx_word' id='word_1_109' title='bbox 417 1741 515 1798; x_wconf 85' lang='lat' dir='ltr'>artam</span> <span class='ocrx_word' id='word_1_110' title='bbox 545 1753 741 1798; x_wconf 87' lang='lat' dir='ltr'>consumere.</span> <span class='ocrx_word' id='word_1_111' title='bbox 788 1731 917 1816; x_wconf 86' lang='lat' dir='ltr'>Optavit</span> <span class='ocrx_word' id='word_1_112' title='bbox 945 1741 983 1798; x_wconf 90' lang='lat' dir='ltr'>ut</span> <span class='ocrx_word' id='word_1_113' title='bbox 1014 1743 1107 1819; x_wconf 90' lang='lat' dir='ltr'>poeta</span> <span class='ocrx_word' id='word_1_114' title='bbox 1139 1738 1258 1800; x_wconf 85' lang='lat' dir='ltr'>maiora</span> 
     </span>
     <span class='ocr_line' id='line_1_15' title="bbox 83 1841 1257 1926; baseline 0.002 -20"><span class='ocrx_word' id='word_1_115' title='bbox 83 1846 220 1906; x_wconf 87' lang='lat' dir='ltr'>caneret.</span> <span class='ocrx_word' id='word_1_116' title='bbox 267 1841 438 1926; x_wconf 82' lang='lat' dir='ltr'>Ingeniosa</span> <span class='ocrx_word' id='word_1_117' title='bbox 463 1841 594 1923; x_wconf 88' lang='lat' dir='ltr'>quidem</span> <span class='ocrx_word' id='word_1_118' title='bbox 623 1841 799 1924; x_wconf 90' lang='lat' dir='ltr'>eademque</span> <span class='ocrx_word' id='word_1_119' title='bbox 831 1846 919 1924; x_wconf 82' lang='lat' dir='ltr'>grata</span> <span class='ocrx_word' id='word_1_120' title='bbox 945 1844 1067 1906; x_wconf 88' lang='lat' dir='ltr'>ratione</span> <span class='ocrx_word' id='word_1_121' title='bbox 1100 1845 1257 1908; x_wconf 87' lang='lat' dir='ltr'>constanti</span> 
     </span>
     <span class='ocr_line' id='line_1_16' title="bbox 83 1948 1163 2036; baseline -0.001 -24"><span class='ocrx_word' id='word_1_122' title='bbox 83 1953 194 2014; x_wconf 84' lang='lat' dir='ltr'>tamen</span> <span class='ocrx_word' id='word_1_123' title='bbox 215 1950 322 2018; x_wconf 86' lang='lat' dir='ltr'>animo</span> <span class='ocrx_word' id='word_1_124' title='bbox 346 1949 399 2017; x_wconf 88' lang='lat' dir='ltr'>ille</span> <span class='ocrx_word' id='word_1_125' title='bbox 422 1948 549 2032; x_wconf 82' lang='lat' dir='ltr'>negavit</span> <span class='ocrx_word' id='word_1_126' title='bbox 572 1967 606 2012; x_wconf 90' lang='lat' dir='ltr'>se</span> <span class='ocrx_word' id='word_1_127' title='bbox 629 1966 732 2030; x_wconf 89' lang='lat' dir='ltr'>posse.</span> <span class='ocrx_word' id='word_1_128' title='bbox 1161 2029 1163 2036; x_wconf 12' lang='grc' dir='ltr'><em>Α</em></span> 
     </span>
    </p>

    <p class='ocr_par' dir='ltr' id='par_1_4' title="bbox 80 2053 1256 3958">
     <span class='ocr_line' id='line_1_17' title="bbox 174 2053 1255 2140; baseline -0.003 -18"><span class='ocrx_word' id='word_1_129' title='bbox 174 2055 220 2122; x_wconf 87' lang='lat' dir='ltr'>Ut</span> <span class='ocrx_word' id='word_1_130' title='bbox 241 2061 395 2139; x_wconf 88' lang='lat' dir='ltr'>patronus</span> <span class='ocrx_word' id='word_1_131' title='bbox 417 2060 529 2140; x_wconf 88' lang='lat' dir='ltr'>poetae</span> <span class='ocrx_word' id='word_1_132' title='bbox 551 2054 654 2120; x_wconf 86' lang='lat' dir='ltr'>factus</span> <span class='ocrx_word' id='word_1_133' title='bbox 678 2059 726 2118; x_wconf 89' lang='lat' dir='ltr'>est</span> <span class='ocrx_word' id='word_1_134' title='bbox 744 2053 911 2134; x_wconf 86' lang='lat' dir='ltr'>Maecenas</span> <span class='ocrx_word' id='word_1_135' title='bbox 934 2057 978 2119; x_wconf 87' lang='lat' dir='ltr'>ita</span> <span class='ocrx_word' id='word_1_136' title='bbox 1001 2057 1095 2120; x_wconf 87' lang='lat' dir='ltr'>etiam</span> <span class='ocrx_word' id='word_1_137' title='bbox 1106 2058 1255 2140; x_wconf 85' lang='lat' dir='ltr'>Augusto</span> 
     </span>
     <span class='ocr_line' id='line_1_18' title="bbox 83 2160 1255 2245; baseline 0 -17"><span class='ocrx_word' id='word_1_138' title='bbox 83 2164 166 2245; x_wconf 21' lang='lat' dir='ltr'>*quin</span> <span class='ocrx_word' id='word_1_139' title='bbox 195 2164 372 2232; x_wconf 83' lang='lat' dir='ltr'>innotuerit</span> <span class='ocrx_word' id='word_1_140' title='bbox 398 2161 583 2245; x_wconf 84' lang='lat' dir='ltr'>Propertius</span> <span class='ocrx_word' id='word_1_141' title='bbox 620 2180 713 2226; x_wconf 89' lang='lat' dir='ltr'>nemo</span> <span class='ocrx_word' id='word_1_142' title='bbox 752 2160 920 2244; x_wconf 79' lang='lat' dir='ltr'>dubitabit,</span> <span class='ocrx_word' id='word_1_143' title='bbox 956 2164 1112 2229; x_wconf 88' lang='lat' dir='ltr'>amicitiae</span> <span class='ocrx_word' id='word_1_144' title='bbox 1149 2169 1255 2228; x_wconf 88' lang='lat' dir='ltr'>autern</span> 
     </span>
     <span class='ocr_line' id='line_1_19' title="bbox 82 2268 1254 2352; baseline 0.003 -18"><span class='ocrx_word' id='word_1_145' title='bbox 82 2275 141 2336; x_wconf 90' lang='lat' dir='ltr'>aut</span> <span class='ocrx_word' id='word_1_146' title='bbox 163 2289 230 2336; x_wconf 92' lang='lat' dir='ltr'>non</span> <span class='ocrx_word' id='word_1_147' title='bbox 252 2269 344 2336; x_wconf 86' lang='lat' dir='ltr'>dubii</span> <span class='ocrx_word' id='word_1_148' title='bbox 370 2269 487 2338; x_wconf 82' lang='lat' dir='ltr'>favoris</span> <span class='ocrx_word' id='word_1_149' title='bbox 515 2275 589 2333; x_wconf 86' lang='lat' dir='ltr'>ante</span> <span class='ocrx_word' id='word_1_150' title='bbox 612 2268 770 2352; x_wconf 85' lang='lat' dir='ltr'>Propertii</span> <span class='ocrx_word' id='word_1_151' title='bbox 798 2288 921 2334; x_wconf 88' lang='lat' dir='ltr'>amores</span> <span class='ocrx_word' id='word_1_152' title='bbox 948 2269 1054 2334; x_wconf 90' lang='lat' dir='ltr'>finitos</span> <span class='ocrx_word' id='word_1_153' title='bbox 1083 2290 1124 2334; x_wconf 89' lang='lat' dir='ltr'>ne</span> <span class='ocrx_word' id='word_1_154' title='bbox 1151 2292 1254 2338; x_wconf 88' lang='lat' dir='ltr'>unum</span> 
     </span>
     <span class='ocr_line' id='line_1_20' title="bbox 83 2372 1256 2461; baseline 0.002 -19"><span class='ocrx_word' id='word_1_155' title='bbox 83 2377 215 2460; x_wconf 86' lang='lat' dir='ltr'>quidem</span> <span class='ocrx_word' id='word_1_156' title='bbox 239 2379 410 2461; x_wconf 78' lang='lat' dir='ltr'>vestigium</span> <span class='ocrx_word' id='word_1_157' title='bbox 439 2376 693 2460; x_wconf 77' lang='lat' dir='ltr'>deprehendinu.</span> <span class='ocrx_word' id='word_1_158' title='bbox 739 2372 874 2440; x_wconf 91' lang='lat' dir='ltr'>Duobus</span> <span class='ocrx_word' id='word_1_159' title='bbox 903 2379 1031 2448; x_wconf 87' lang='lat' dir='ltr'>eximiis</span> <span class='ocrx_word' id='word_1_160' title='bbox 1061 2379 1256 2460; x_wconf 80' lang='lat' dir='ltr'>oarndnibns</span> 
     </span>
     <span class='ocr_line' id='line_1_21' title="bbox 83 2483 1255 2566; baseline -0.001 -16"><span class='ocrx_word' id='word_1_161' title='bbox 83 2484 299 2551; x_wconf 87' lang='lat' dir='ltr'>Maecenatem</span> <span class='ocrx_word' id='word_1_162' title='bbox 328 2483 512 2565; x_wconf 78' lang='lat' dir='ltr'>celebravit,</span> <span class='ocrx_word' id='word_1_163' title='bbox 539 2485 726 2566; x_wconf 76' lang='lat' dir='ltr'>Augustum</span> <span class='ocrx_word' id='word_1_164' title='bbox 753 2490 826 2548; x_wconf 89' lang='lat' dir='ltr'>ante</span> <span class='ocrx_word' id='word_1_165' title='bbox 858 2504 980 2548; x_wconf 91' lang='lat' dir='ltr'>annum</span> <span class='ocrx_word' id='word_1_166' title='bbox 1011 2486 1071 2548; x_wconf 78' lang='lat'>737</span> <span class='ocrx_word' id='word_1_167' title='bbox 1102 2486 1154 2550; x_wconf 89' lang='lat' dir='ltr'>vel</span> <span class='ocrx_word' id='word_1_168' title='bbox 1183 2487 1255 2560; x_wconf 80' lang='grc'>738,</span> 
     </span>
     <span class='ocr_line' id='line_1_22' title="bbox 83 2590 1253 2685; baseline 0 -29"><span class='ocrx_word' id='word_1_169' title='bbox 83 2611 151 2674; x_wconf 86' lang='lat' dir='ltr'>quo</span> <span class='ocrx_word' id='word_1_170' title='bbox 174 2611 302 2685; x_wconf 80' lang='lat' dir='ltr'>carmen</span> <span class='ocrx_word' id='word_1_171' title='bbox 325 2590 394 2655; x_wconf 87' lang='lat' dir='ltr'>V.6</span> <span class='ocrx_word' id='word_1_172' title='bbox 420 2592 572 2675; x_wconf 87' lang='lat' dir='ltr'>scriptum</span> <span class='ocrx_word' id='word_1_173' title='bbox 597 2597 653 2670; x_wconf 70' lang='lat' dir='ltr'>est,</span> <span class='ocrx_word' id='word_1_174' title='bbox 676 2609 807 2672; x_wconf 88' lang='lat' dir='ltr'>prorsus</span> <span class='ocrx_word' id='word_1_175' title='bbox 830 2590 926 2654; x_wconf 91' lang='lat' dir='ltr'>nullo.</span> <span class='ocrx_word' id='word_1_176' title='bbox 974 2591 1108 2656; x_wconf 81' lang='lat' dir='ltr'>Carmen</span> <span class='ocrx_word' id='word_1_177' title='bbox 1131 2592 1190 2656; x_wconf 89' lang='lat' dir='ltr'>III.</span> <span class='ocrx_word' id='word_1_178' title='bbox 1214 2593 1253 2656; x_wconf 93' lang='lat'>10</span> 
     </span>
     <span class='ocr_line' id='line_1_23' title="bbox 82 2697 1254 2782; baseline -0.001 -18"><span class='ocrx_word' id='word_1_179' title='bbox 82 2699 214 2764; x_wconf 86' lang='lat' dir='ltr'>absente</span> <span class='ocrx_word' id='word_1_180' title='bbox 237 2701 386 2782; x_wconf 83' lang='lat' dir='ltr'>Augusto</span> <span class='ocrx_word' id='word_1_181' title='bbox 415 2705 452 2763; x_wconf 88' lang='lat' dir='ltr'>ut</span> <span class='ocrx_word' id='word_1_182' title='bbox 479 2697 648 2778; x_wconf 81' lang='lat' dir='ltr'>Cynthiam</span> <span class='ocrx_word' id='word_1_183' title='bbox 676 2702 806 2762; x_wconf 87' lang='lat' dir='ltr'>terreret</span> <span class='ocrx_word' id='word_1_184' title='bbox 834 2699 969 2782; x_wconf 87' lang='lat' dir='ltr'>eiusque</span> <span class='ocrx_word' id='word_1_185' title='bbox 997 2719 1136 2764; x_wconf 88' lang='lat' dir='ltr'>amorem</span> <span class='ocrx_word' id='word_1_186' title='bbox 1165 2720 1254 2763; x_wconf 88' lang='lat' dir='ltr'>recu-</span> 
     </span>
     <span class='ocr_line' id='line_1_24' title="bbox 81 2802 1253 2890; baseline -0.001 -20"><span class='ocrx_word' id='word_1_187' title='bbox 81 2811 208 2888; x_wconf 85' lang='lat' dir='ltr'>perarat</span> <span class='ocrx_word' id='word_1_188' title='bbox 231 2808 383 2890; x_wconf 87' lang='lat' dir='ltr'>scripturn</span> <span class='ocrx_word' id='word_1_189' title='bbox 405 2825 472 2874; x_wconf 86' lang='lat' dir='ltr'>non</span> <span class='ocrx_word' id='word_1_190' title='bbox 495 2802 678 2868; x_wconf 88' lang='lat' dir='ltr'>absolutum</span> <span class='ocrx_word' id='word_1_191' title='bbox 702 2810 757 2868; x_wconf 88' lang='lat' dir='ltr'>est.</span> <span class='ocrx_word' id='word_1_192' title='bbox 795 2804 1003 2870; x_wconf 88' lang='lat' dir='ltr'>Paucissimis</span> <span class='ocrx_word' id='word_1_193' title='bbox 1026 2806 1172 2872; x_wconf 81' lang='lat' dir='ltr'>versibus</span> <span class='ocrx_word' id='word_1_194' title='bbox 1198 2806 1253 2871; x_wconf 92' lang='lat' dir='ltr'>ubi</span> 
     </span>
     <span class='ocr_line' id='line_1_25' title="bbox 81 2910 1254 2997; baseline 0.001 -20"><span class='ocrx_word' id='word_1_195' title='bbox 81 2915 188 2996; x_wconf 83' lang='lat' dir='ltr'>tetigit</span> <span class='ocrx_word' id='word_1_196' title='bbox 196 2915 337 2997; x_wconf 80' lang='lat' dir='ltr'>Augusti</span> <span class='ocrx_word' id='word_1_197' title='bbox 355 2913 489 2997; x_wconf 83' lang='lat' dir='ltr'>gloriam</span> <span class='ocrx_word' id='word_1_198' title='bbox 507 2910 651 2993; x_wconf 83' lang='lat' dir='ltr'>absolvit,</span> <span class='ocrx_word' id='word_1_199' title='bbox 670 2912 772 2975; x_wconf 87' lang='lat' dir='ltr'>rarius</span> <span class='ocrx_word' id='word_1_200' title='bbox 788 2931 857 2976; x_wconf 89' lang='lat' dir='ltr'>eam</span> <span class='ocrx_word' id='word_1_201' title='bbox 872 2913 975 2994; x_wconf 86' lang='lat' dir='ltr'>tetigit</span> <span class='ocrx_word' id='word_1_202' title='bbox 989 2932 1085 2994; x_wconf 90' lang='lat' dir='ltr'>quam</span> <span class='ocrx_word' id='word_1_203' title='bbox 1100 2913 1139 2976; x_wconf 91' lang='lat' dir='ltr'>ab</span> <span class='ocrx_word' id='word_1_204' title='bbox 1155 2914 1254 2978; x_wconf 90' lang='lat' dir='ltr'>huius</span> 
     </span>
     <span class='ocr_line' id='line_1_26' title="bbox 81 3017 1253 3104; baseline 0.001 -22"><span class='ocrx_word' id='word_1_205' title='bbox 81 3021 234 3102; x_wconf 84' lang='lat' dir='ltr'>temporis</span> <span class='ocrx_word' id='word_1_206' title='bbox 253 3021 360 3104; x_wconf 86' lang='lat' dir='ltr'>aliquo</span> <span class='ocrx_word' id='word_1_207' title='bbox 379 3025 471 3103; x_wconf 87' lang='lat' dir='ltr'>poeta</span> <span class='ocrx_word' id='word_1_208' title='bbox 484 3017 659 3083; x_wconf 88' lang='lat' dir='ltr'>Maecenati</span> <span class='ocrx_word' id='word_1_209' title='bbox 676 3018 822 3084; x_wconf 83' lang='lat' dir='ltr'>familiari</span> <span class='ocrx_word' id='word_1_210' title='bbox 841 3020 927 3102; x_wconf 87' lang='lat' dir='ltr'>tangi</span> <span class='ocrx_word' id='word_1_211' title='bbox 941 3020 1084 3102; x_wconf 91' lang='lat' dir='ltr'>potuisse</span> <span class='ocrx_word' id='word_1_212' title='bbox 1098 3020 1253 3084; x_wconf 88' lang='lat' dir='ltr'>videatur.</span> 
     </span>
     <span class='ocr_line' id='line_1_27' title="bbox 82 3125 1252 3210; baseline 0.003 -20"><span class='ocrx_word' id='word_1_213' title='bbox 82 3125 170 3202; x_wconf 79' lang='lat' dir='ltr'>Quin</span> <span class='ocrx_word' id='word_1_214' title='bbox 189 3128 282 3193; x_wconf 89' lang='lat' dir='ltr'>etiam</span> <span class='ocrx_word' id='word_1_215' title='bbox 298 3128 438 3192; x_wconf 85' lang='lat' dir='ltr'>carmine</span> <span class='ocrx_word' id='word_1_216' title='bbox 448 3126 494 3197; x_wconf 91' lang='grc' dir='ltr'><strong>,ΙΙ.</strong></span> <span class='ocrx_word' id='word_1_217' title='bbox 506 3127 524 3189; x_wconf 81' lang='grc'>7</span> <span class='ocrx_word' id='word_1_218' title='bbox 538 3133 646 3209; x_wconf 86' lang='lat' dir='ltr'>aperte</span> <span class='ocrx_word' id='word_1_219' title='bbox 660 3126 846 3208; x_wconf 81' lang='lat' dir='ltr'>Augustum</span> <span class='ocrx_word' id='word_1_220' title='bbox 861 3125 968 3206; x_wconf 85' lang='lat' dir='ltr'>irrisit,</span> <span class='ocrx_word' id='word_1_221' title='bbox 981 3145 1046 3191; x_wconf 91' lang='lat' dir='ltr'>non</span> <span class='ocrx_word' id='word_1_222' title='bbox 1066 3128 1252 3210; x_wconf 82' lang='lat' dir='ltr'>Augustum</span> 
     </span>
     <span class='ocr_line' id='line_1_28' title="bbox 81 3227 1253 3318; baseline 0.002 -21"><span class='ocrx_word' id='word_1_223' title='bbox 81 3233 139 3298; x_wconf 88' lang='lat' dir='ltr'>sed</span> <span class='ocrx_word' id='word_1_224' title='bbox 166 3253 320 3318; x_wconf 84' lang='lat' dir='ltr'>magnum</span> <span class='ocrx_word' id='word_1_225' title='bbox 343 3233 510 3304; x_wconf 79' lang='lat' dir='ltr'>Caesarem</span> <span class='ocrx_word' id='word_1_226' title='bbox 533 3253 607 3302; x_wconf 84' lang='lat' dir='ltr'>eum</span> <span class='ocrx_word' id='word_1_227' title='bbox 632 3232 768 3316; x_wconf 87' lang='lat' dir='ltr'>appellat</span> <span class='ocrx_word' id='word_1_228' title='bbox 790 3232 932 3314; x_wconf 81' lang='lat' dir='ltr'>eludens,</span> <span class='ocrx_word' id='word_1_229' title='bbox 960 3227 1123 3298; x_wconf 88' lang='lat' dir='ltr'>absentem</span> <span class='ocrx_word' id='word_1_230' title='bbox 1145 3237 1253 3315; x_wconf 82' lang='lat' dir='ltr'>irrisit,</span> 
     </span>
     <span class='ocr_line' id='line_1_29' title="bbox 80 3340 1252 3426; baseline 0.001 -22"><span class='ocrx_word' id='word_1_231' title='bbox 80 3359 150 3404; x_wconf 89' lang='lat' dir='ltr'>non</span> <span class='ocrx_word' id='word_1_232' title='bbox 171 3359 264 3425; x_wconf 80' lang='lat' dir='ltr'>nego,</span> <span class='ocrx_word' id='word_1_233' title='bbox 286 3361 345 3406; x_wconf 89' lang='lat' dir='ltr'>neo</span> <span class='ocrx_word' id='word_1_234' title='bbox 363 3341 456 3414; x_wconf 88' lang='lat' dir='ltr'>oredo</span> <span class='ocrx_word' id='word_1_235' title='bbox 480 3342 549 3424; x_wconf 90' lang='lat' dir='ltr'>ipso</span> <span class='ocrx_word' id='word_1_236' title='bbox 572 3345 664 3423; x_wconf 85' lang='lat' dir='ltr'>poeta</span> <span class='ocrx_word' id='word_1_237' title='bbox 682 3340 756 3403; x_wconf 77' lang='lat' dir='ltr'>viro</span> <span class='ocrx_word' id='word_1_238' title='bbox 776 3340 835 3402; x_wconf 88' lang='lat' dir='ltr'>boo</span> <span class='ocrx_word' id='word_1_239' title='bbox 854 3359 981 3404; x_wconf 87' lang='lat' dir='ltr'>carmen</span> <span class='ocrx_word' id='word_1_240' title='bbox 1004 3341 1039 3404; x_wconf 89' lang='lat' dir='ltr'>in</span> <span class='ocrx_word' id='word_1_241' title='bbox 1057 3341 1163 3405; x_wconf 90' lang='lat' dir='ltr'>lucem</span> <span class='ocrx_word' id='word_1_242' title='bbox 1180 3361 1252 3426; x_wconf 90' lang='lat' dir='ltr'>pro-</span> 
     </span>
     <span class='ocr_line' id='line_1_30' title="bbox 81 3447 1253 3532; baseline 0.002 -20"><span class='ocrx_word' id='word_1_243' title='bbox 81 3447 179 3514; x_wconf 88' lang='lat' dir='ltr'>diisse</span> <span class='ocrx_word' id='word_1_244' title='bbox 196 3447 365 3531; x_wconf 86' lang='lat' dir='ltr'>publicam,</span> <span class='ocrx_word' id='word_1_245' title='bbox 388 3450 464 3532; x_wconf 89' lang='lat' dir='ltr'>qnia</span> <span class='ocrx_word' id='word_1_246' title='bbox 487 3448 548 3512; x_wconf 88' lang='lat' dir='ltr'>alio</span> <span class='ocrx_word' id='word_1_247' title='bbox 572 3447 711 3512; x_wconf 90' lang='lat' dir='ltr'>carmine</span> <span class='ocrx_word' id='word_1_248' title='bbox 734 3448 921 3530; x_wconf 84' lang='lat' dir='ltr'>Augustum</span> <span class='ocrx_word' id='word_1_249' title='bbox 945 3452 1051 3530; x_wconf 87' lang='lat' dir='ltr'>aperte</span> <span class='ocrx_word' id='word_1_250' title='bbox 1075 3467 1139 3512; x_wconf 90' lang='lat' dir='ltr'>non</span> <span class='ocrx_word' id='word_1_251' title='bbox 1161 3449 1253 3514; x_wconf 89' lang='lat' dir='ltr'>laesit</span> 
     </span>
     <span class='ocr_line' id='line_1_31' title="bbox 80 3553 1253 3640; baseline -0.002 -22"><span class='ocrx_word' id='word_1_252' title='bbox 80 3556 272 3638; x_wconf 57' lang='lat' dir='ltr'>nec‘potuit</span> <span class='ocrx_word' id='word_1_253' title='bbox 299 3573 375 3638; x_wconf 87' lang='lat' dir='ltr'>pace</span> <span class='ocrx_word' id='word_1_254' title='bbox 403 3553 603 3620; x_wconf 87' lang='lat' dir='ltr'>Maecenatis.</span> <span class='ocrx_word' id='word_1_255' title='bbox 649 3553 734 3636; x_wconf 82' lang='lat' dir='ltr'>llrgo</span> <span class='ocrx_word' id='word_1_256' title='bbox 763 3573 887 3618; x_wconf 88' lang='lat' dir='ltr'>amores</span> <span class='ocrx_word' id='word_1_257' title='bbox 911 3553 1067 3640; x_wconf 88' lang='lat' dir='ltr'>Propertii</span> <span class='ocrx_word' id='word_1_258' title='bbox 1099 3562 1131 3618; x_wconf 89' lang='grc' dir='ltr'>θῖ</span> <span class='ocrx_word' id='word_1_259' title='bbox 1162 3573 1253 3618; x_wconf 91' lang='lat' dir='ltr'>amor</span> 
     </span>
     <span class='ocr_line' id='line_1_32' title="bbox 81 3660 1252 3745; baseline -0.003 -18"><span class='ocrx_word' id='word_1_260' title='bbox 81 3660 237 3742; x_wconf 80' lang='lat' dir='ltr'>Cynthiae</span> <span class='ocrx_word' id='word_1_261' title='bbox 260 3662 429 3744; x_wconf 86' lang='lat' dir='ltr'>praecipue</span> <span class='ocrx_word' id='word_1_262' title='bbox 456 3661 596 3725; x_wconf 88' lang='lat' dir='ltr'>furtivus</span> <span class='ocrx_word' id='word_1_263' title='bbox 620 3664 769 3745; x_wconf 82' lang='lat' dir='ltr'>Augusto</span> <span class='ocrx_word' id='word_1_264' title='bbox 794 3679 996 3743; x_wconf 87' lang='lat' dir='ltr'>summopere</span> <span class='ocrx_word' id='word_1_265' title='bbox 1020 3660 1252 3744; x_wconf 89' lang='lat' dir='ltr'>displicuerunt</span> 
     </span>
     <span class='ocr_line' id='line_1_33' title="bbox 80 3753 1250 3852; baseline -0.001 -21"><span class='ocrx_word' id='word_1_266' title='bbox 80 3768 230 3836; x_wconf 80' lang='lat' dir='ltr'>libidines</span> <span class='ocrx_word' id='word_1_267' title='bbox 262 3774 310 3834; x_wconf 88' lang='lat' dir='ltr'>tot</span> <span class='ocrx_word' id='word_1_268' title='bbox 340 3767 464 3852; x_wconf 74' lang='lat' dir='ltr'>legibus</span> <span class='ocrx_word' id='word_1_269' title='bbox 497 3753 682 3834; x_wconf 80' lang='lat' dir='ltr'>coercitum.</span> <span class='ocrx_word' id='word_1_270' title='bbox 738 3766 874 3848; x_wconf 82' lang='lat' dir='ltr'>Cynthia</span> <span class='ocrx_word' id='word_1_271' title='bbox 905 3773 1031 3832; x_wconf 84' lang='lat' dir='ltr'>mortua</span> <span class='ocrx_word' id='word_1_272' title='bbox 1063 3769 1250 3852; x_wconf 87' lang='lat' dir='ltr'>Augustum</span> 
     </span>
     <span class='ocr_line' id='line_1_34' title="bbox 81 3874 1022 3958; baseline -0.005 -18"><span class='ocrx_word' id='word_1_273' title='bbox 81 3894 211 3958; x_wconf 88' lang='lat' dir='ltr'>quoqne</span> <span class='ocrx_word' id='word_1_274' title='bbox 235 3875 330 3958; x_wconf 80' lang='lat' dir='ltr'>digno</span> <span class='ocrx_word' id='word_1_275' title='bbox 354 3876 494 3938; x_wconf 86' lang='lat' dir='ltr'>carmine</span> <span class='ocrx_word' id='word_1_276' title='bbox 517 3874 675 3940; x_wconf 88' lang='lat' dir='ltr'>celebrare</span> <span class='ocrx_word' id='word_1_277' title='bbox 698 3882 730 3940; x_wconf 92' lang='lat' dir='ltr'>et</span> <span class='ocrx_word' id='word_1_278' title='bbox 752 3875 844 3939; x_wconf 87' lang='lat' dir='ltr'>licuit</span> <span class='ocrx_word' id='word_1_279' title='bbox 867 3881 898 3938; x_wconf 88' lang='lat' dir='ltr'>et</span> <span class='ocrx_word' id='word_1_280' title='bbox 920 3874 1022 3938; x_wconf 87' lang='lat' dir='ltr'>libuit.</span> 
     </span>
    </p>

    <p class='ocr_par' dir='ltr' id='par_1_5' title="bbox 80 3981 1251 4278">
     <span class='ocr_line' id='line_1_35' title="bbox 106 3981 1248 4065; baseline -0.003 -18"><span class='ocrx_word' id='word_1_281' title='bbox 106 4019 108 4028; x_wconf 37' lang='grc' dir='ltr'><strong><em>ι</em></strong></span> <span class='ocrx_word' id='word_1_282' title='bbox 169 3981 298 4065; x_wconf 83' lang='lat' dir='ltr'>Reliqui</span> <span class='ocrx_word' id='word_1_283' title='bbox 330 4001 469 4064; x_wconf 89' lang='lat' dir='ltr'>quorum</span> <span class='ocrx_word' id='word_1_284' title='bbox 503 3982 734 4048; x_wconf 85' lang='lat' dir='ltr'>consuetudine</span> <span class='ocrx_word' id='word_1_285' title='bbox 766 3987 859 4065; x_wconf 87' lang='lat' dir='ltr'>poeta</span> <span class='ocrx_word' id='word_1_286' title='bbox 897 4001 977 4045; x_wconf 89' lang='lat' dir='ltr'>usus</span> <span class='ocrx_word' id='word_1_287' title='bbox 1013 3988 1062 4045; x_wconf 90' lang='lat' dir='ltr'>est</span> <span class='ocrx_word' id='word_1_288' title='bbox 1093 3981 1126 4044; x_wconf 90' lang='lat' dir='ltr'>bi</span> <span class='ocrx_word' id='word_1_289' title='bbox 1159 3989 1248 4044; x_wconf 89' lang='lat' dir='ltr'>sunt:</span> 
     </span>
     <span class='ocr_line' id='line_1_36' title="bbox 81 4087 1250 4173; baseline -0.002 -21"><span class='ocrx_word' id='word_1_290' title='bbox 81 4089 192 4160; x_wconf 82' lang='lat' dir='ltr'>Gallus</span> <span class='ocrx_word' id='word_1_291' title='bbox 214 4089 345 4172; x_wconf 87' lang='lat' dir='ltr'>quidam</span> <span class='ocrx_word' id='word_1_292' title='bbox 370 4094 522 4172; x_wconf 88' lang='lat' dir='ltr'>quattuor</span> <span class='ocrx_word' id='word_1_293' title='bbox 544 4091 716 4173; x_wconf 81' lang='lat' dir='ltr'>caabgatur</span> <span class='ocrx_word' id='word_1_294' title='bbox 739 4089 845 4170; x_wconf 88' lang='lat' dir='ltr'>potius</span> <span class='ocrx_word' id='word_1_295' title='bbox 870 4107 967 4170; x_wconf 92' lang='lat' dir='ltr'>quam</span> <span class='ocrx_word' id='word_1_296' title='bbox 987 4087 1162 4152; x_wconf 88' lang='lat' dir='ltr'>celebratur</span> <span class='ocrx_word' id='word_1_297' title='bbox 1185 4107 1250 4150; x_wconf 91' lang='lat' dir='ltr'>car-</span> 
     </span>
     <span class='ocr_line' id='line_1_37' title="bbox 80 4195 1251 4278; baseline -0.005 -17"><span class='ocrx_word' id='word_1_298' title='bbox 80 4195 221 4262; x_wconf 88' lang='lat' dir='ltr'>minibus</span> <span class='ocrx_word' id='word_1_299' title='bbox 246 4195 270 4263; x_wconf 91' lang='lat' dir='ltr'>l.</span> <span class='ocrx_word' id='word_1_300' title='bbox 295 4197 315 4257; x_wconf 81' lang='lat'>5</span> <span class='ocrx_word' id='word_1_301' title='bbox 341 4197 381 4260; x_wconf 89' lang='lat'>10</span> <span class='ocrx_word' id='word_1_302' title='bbox 408 4197 448 4258; x_wconf 86' lang='lat'>13</span> <span class='ocrx_word' id='word_1_303' title='bbox 474 4197 524 4260; x_wconf 84' lang='lat'>20.</span> <span class='ocrx_word' id='word_1_304' title='bbox 569 4195 678 4263; x_wconf 91' lang='lat' dir='ltr'>Nobili</span> <span class='ocrx_word' id='word_1_305' title='bbox 700 4195 771 4258; x_wconf 90' lang='lat' dir='ltr'>loco</span> <span class='ocrx_word' id='word_1_306' title='bbox 794 4201 888 4258; x_wconf 85' lang='lat' dir='ltr'>natus</span> <span class='ocrx_word' id='word_1_307' title='bbox 913 4200 974 4275; x_wconf 82' lang='lat' dir='ltr'>est,</span> <span class='ocrx_word' id='word_1_308' title='bbox 1001 4195 1123 4278; x_wconf 89' lang='lat' dir='ltr'>puellas</span> <span class='ocrx_word' id='word_1_309' title='bbox 1147 4198 1251 4277; x_wconf 88' lang='lat' dir='ltr'>captat</span> 
     </span>
    </p>
   </div>
   <div class='ocr_carea' id='block_1_3' title="bbox 82 4300 1250 4459">
    <p class='ocr_par' dir='ltr' id='par_1_6' title="bbox 82 4300 1250 4459">
     <span class='ocr_line' id='line_1_38' title="bbox 82 4300 1250 4388; baseline -0.005 -20"><span class='ocrx_word' id='word_1_310' title='bbox 82 4305 261 4387; x_wconf 69' lang='lat' dir='ltr'>decibitque</span> <span class='ocrx_word' id='word_1_311' title='bbox 289 4322 370 4386; x_wconf 80' lang='lat' dir='ltr'>rogo</span> <span class='ocrx_word' id='word_1_312' title='bbox 398 4322 504 4368; x_wconf 89' lang='lat' dir='ltr'>amore</span> <span class='ocrx_word' id='word_1_313' title='bbox 527 4323 577 4366; x_wconf 88' lang='lat' dir='ltr'>vv.</span> <span class='ocrx_word' id='word_1_314' title='bbox 604 4304 655 4385; x_wconf 85' lang='lat'>13,</span> <span class='ocrx_word' id='word_1_315' title='bbox 679 4304 697 4364; x_wconf 90' lang='lat'>5</span> <span class='ocrx_word' id='word_1_316' title='bbox 722 4321 778 4386; x_wconf 62' lang='lat' dir='ltr'>sq„</span> <span class='ocrx_word' id='word_1_317' title='bbox 805 4301 932 4386; x_wconf 87' lang='lat' dir='ltr'>tandem</span> <span class='ocrx_word' id='word_1_318' title='bbox 955 4303 1024 4388; x_wconf 86' lang='lat' dir='ltr'>ipse</span> <span class='ocrx_word' id='word_1_319' title='bbox 1052 4300 1168 4365; x_wconf 87' lang='lat' dir='ltr'>labitur</span> <span class='ocrx_word' id='word_1_320' title='bbox 1190 4301 1250 4363; x_wconf 92' lang='lat' dir='ltr'>uni</span> 
     </span>
     <span class='ocr_line' id='line_1_39' title="bbox 1053 4406 1090 4459; baseline 0 -19"><span class='ocrx_word' id='word_1_321' title='bbox 1053 4406 1090 4459; x_wconf 75' lang='grc'>3*</span> 
     </span>
    </p>
   </div>
   <div class='ocr_carea' id='block_1_4' title="bbox 0 0 1542 4788">
    <p class='ocr_par' dir='ltr' id='par_1_7' title="bbox 0 0 1542 4788">
     <span class='ocr_line' id='line_1_40' title="bbox 0 0 1542 4788; baseline 0 1"><span class='ocrx_word' id='word_1_322' title='bbox 0 0 1542 4788; x_wconf 95' lang='lat' dir='ltr'> </span> 
     </span>
    </p>
   </div>
  </div>
 </body>
</html>
