3074 4788
576 297 794 360 *21-

97 485 221 541 nomen
245 477 329 561 legis
346 477 394 540 ‘de
417 477 602 540 maritandis
625 475 810 540 ordinibus'.
855 475 958 540 Tertia
984 477 1038 540 lex
1068 495 1150 560 quae
1178 483 1276 542 restat

98 569 300 648 annum'736
311 571 520 669 praecessisse
530 585 688 648 censenda
703 585 770 648 erit.
802 583 905 648 Aliter
916 577 1274 648 iudicavitHeineccius

94 695 230 772 (comm.
247 693 290 756 ad
298 693 357 776 leg.
372 679 432 756 Iulss
448 697 481 756 et
494 681 569 775 Pap.
581 690 678 776 Ρ666
693 712 722 775 p.
734 692 787 771 48)
801 707 899 773 quern
915 691 1017 754 secuti
1037 695 1113 753 sunt
1131 689 1275 754 Hoeoius

98 797 285 879 (Rdmische
296 799 482 864 Geschiohte
497 800 521 862 Ι.
534 800 553 860 2
568 816 597 882 p.
611 799 686 878 337)
702 803 733 861 61
746 797 870 860 Puchta
885 788 1124 878 (iustitutionem
1134 796 1158 860 Ι.
1169 818 1198 881 p.
1210 799 1273 860 297

98 904 260 987 edvin).
292 906 347 970 Hi
360 905 452 970 ambo
472 907 674 969 vacationum
699 906 800 988 spatia
822 905 927 988 priora
950 905 1150 988 coniungunt
1172 905 1216 972 ita
1238 911 1275 968 ut

97 1013 157 1076 len
176 1013 220 1076 de
242 1013 428 1077 maritandis
453 1010 619 1076 ordinibus
641 1031 724 1076 anuo
746 1013 808 1075 736
831 1011 949 1076 frustm
971 1016 1081 1095 rogata
1105 1011 1272 1086 6666757

97 1119 223 1202 perlata
242 1120 400 1184 6666762
411 1125 504 1184 66616
523 1119 639 1202 triplici
657 1120 821 1183 6666611666
840 1119 1275 1186 continua-trienniibienn'ii

99 1227 180 1289 anni
193 1225 242 1290 *ab
265 1228 437 1290 6666757
463 1245 568 1310 usque
591 1226 630 1289 ad
653 1245 774 1290 annum
796 1226 965 1289 76316116
986 1225 1090 1289 fuerit.
1127 1219 1274 1297 Primum

99 1333 191 1417 quod
210 1340 409 1400 censuerunt
430 1334 493 1397 viri
517 1332 726 1416 doctilegem
750 1352 833 1397 6666
859 1332 921 1396 736
945 1349 1011 1396 666
1031 1351 1100 1398 6666
1123 1326 1274 1416 perlatam

99 1441 194 1504 n‘ullo
216 1429 347 1525 prorsus
365 1441 547 1506 testimonio
566 1439 779 1504 confirmatur.
807 1441 927 1504 Verum
947 1437 1076 1504 Cassius
1094 1441 1152 1504 Dio
1174 1435 1272 1504 dixit:

96 1549 238 1622 ἐπέταξε,
270 1545 373 1622 ἔθηκε.
433 1547 607 1612 Suetonius
642 1546 707 1611 Oct.
737 1567 762 1610 6.
792 1548 834 1610 34
864 1547 952 1611 dicit:
992 1549 1141 1631 ‘cumque
1169 1548 1273 1611 eliam

96 1657 330 1720 immaturitate
363 1673 555 1739 sponsarum
588 1659 620 1720 61
652 1653 926 1718 matrimoniorum
959 1654 1067 1718 crebra
1098 1655 1273 1718 mutatione

97 1762 170 1825 vim
193 1761 272 1846 legis
296 1762 383 1828 eludi
407 1763 548 1844 sentiret,
571 1768 697 1846 tempus
721 1779 854 1845 6666666
878 1760 1016 1825 habendi
1039 1761 1273 1843 6666661161-

90 1869 212 1932 ·6661116
240 1869 373 1934 modurn
396 1869 569 1953 imposuit'.
603 1869 692 1934 Idem
710 1867 778 1932 Dio
810 1887 874 1931 non
907 1869 1016 1932 minus
1043 1869 1136 1933 certis
1167 1868 1272 1933 verbis

97 1975 235 2040 affirmat
257 1976 297 2040 ad
316 1997 438 2040 annum
459 1975 522 2040 736
543 1976 603 2040 sub
626 1975 724 2040 finem
748 1976 860 2059 capitis
885 1978 936 2058 54,
958 1975 1006 2039 16.
1044 1974 1169 2040 Horatii
1192 1995 1272 2062 quo-

98 2103 166 2168 que
189 2103 282 2147 earm.
304 2073 385 2148 saec.
409 2103 460 2146 vv,
487 2085 525 2146 17
547 2103 615 2167 sqq.
1212 2122 1214 2128 ·

360 2189 631 2274 ι1116666666666
654 2189 798 2254 subolem
821 2195 1039 2274 patrumque
1071 2239 1073 2242 v
1128 2239 1131 2243 .

357 2315 521 2382 prosperas
546 2297 670 2362 decreta
689 2314 785 2381 super
807 2297 956 2381 iugandis

357 2406 484 2470 feminis
506 2405 674 2489 prolisque-
692 2423 792 2468 novae
815 2404 912 2468 feraci

259 2545 262 2552 =
357 2514 426 2597 lege
449 2512 607 2576 marita’.·

96 2618 185 2682 idem
205 2619 327 2685 docent
352 2620 453 2684 ⁴Haec
470 2619 567 2684 verba
585 2621 722 2704 pessime
746 2621 942 2682 conveniunt
965 2637 1039 2682 cum
1062 2620 1131 2704 lege
1153 2623 1272 2687 frustm

96 2733 208 2809 rogata
229 2727 444 2811 nonperlata.
477 2725 625 2810 Denique
643 2727 758 2790 titulus
778 2726 843 2790 huc
865 2725 940 2790 facit
957 2726 996 2790 ab
1014 2728 1084 2810 ipso
1098 2727 1270 2794 Heineccio

98 2851 116 2895 a
142 2832 277 2897 Grutero
300 2834 453 2918 prolatus,
476 2851 572 2918 quem
595 2853 685 2898 nunc
705 2835 842 2918 reperies
865 2835 900 2896 16
923 2818 1269 2918 6666.16666.161.661.

98 2939 155 3002 VI.
181 2940 210 3022 1,
233 2941 308 3023 877,
335 2943 462 3006 eosdem
495 2939 534 3005 ob
566 2941 659 3006 ludos
693 2941 868 3006 saeculares
900 2941 995 3025 lapidi
1030 2942 1153 3006 incisus
1185 2963 1268 3008 anno

101 3045 173 3110 737.
205 3047 257 3110 Ex
280 3049 385 3113 verbis
409 3050 585 3114 dilaceratis
608 3047 867 3133 obtruncatisquo
891 3049 950 3112 hoc
973 3055 1057 3114 certe
1080 3049 1203 3114 elicitur
1225 3051 1269 3116 le-

97 3165 172 3238 gem
187 3154 280 3219 illam·
290 3156 393 3220 luisse
411 3157 505 3220 latam
521 3161 688 3238 ratamque
707 3155 820 3220 factam
841 3156 879 3220 de
895 3157 1079 3221 maritandis
1094 3157 1270 3242 ordinibus,

97 3261 132 3324 id
152 3261 463 3345 quodHeineccium
482 3284 549 3328 non
566 3265 659 3348 plane
677 3263 768 3347 rugit.
806 3263 1025 3347 Spectatorum
1045 3265 1157 3329 divisio
1176 3268 1269 3351 plane

99 3387 141 3432 ex
163 3369 234 3453 lege
256 3369 310 3432 illa
331 3369 412 3434 facta
439 3376 501 3453 est,
529 3391 602 3434 nam
631 3372 785 3455 coniuges
812 3372 991 3454 spectaculo
1014 3371 1164 3455 admittit,
1194 3376 1271 3458 quia

92 3482 205 3540 tamen
237 3495 303 3540 non
335 3477 419 3541 ultra
451 3498 553 3561 quam
583 3478 681 3542 semel
709 3478 768 3541 ulli
794 3479 976 3543 mortalium
1005 3481 1168 3564 spectandi
1196 3482 1269 3547 talia

98 3583 189 3667 66616
210 3582 274 3665 fiat,
296 3603 339 3648 ne
356 3589 476 3649 ceteros
497 3586 625 3669 quidem
645 3605 711 3650 non
729 3586 861 3650 maritos
880 3607 898 3650 a
917 3587 1096 3670 6666166616
1106 3588 1269 3671 66661661,

98 3690 155 3773 qui
183 3691 327 3754 nondum
356 3692 420 3756 sint
446 3693 583 3757 maritali
599 3711 666 3758 zeos
694 3696 796 3758 vetuit
818 3693 877 3757 ulli
904 3698 1059 3758 nocturno
1089 3687 1268 3778 spectaculo

98 3797 209 3861 adesse
231 3799 295 3862 6161
318 3817 392 3862 cum
417 3799 525 3883 aliquo
553 3800 671 3864 maiore
699 3805 777 3863 natu
804 3802 1067 3884 propinquorum,
1091 3802 1163 3866 vide
1181 3802 1266 3868 Suet.

99 3903 166 3967 Oct
186 3921 211 3966 c.
233 3902 282 3970 31.
328 3905 401 3970 Non
424 3911 546 3972 certum
568 3925 741 3970 numerum
771 3927 929 3971 annorum
962 3908 1094 3990 indicat,
1123 3928 1192 3991 quo·
1209 3911 1268 3972 mi·

97 4028 194 4074 nores
225 4017 311 4076 vetat
338 4013 456 4078 adesse.
507 4013 648 4078 anlibes
685 4015 778 4098 punit
815 4034 1009 4098 quamquam
1042 4016 1164 4079 vacatio
1193 4022 1268 4099 erat,

97 4137 164 4180 non
187 4107 316 4202 puniret
344 4121 372 4184 si
404 4121 482 4185 haec
504 4122 607 4204 prima
630 4122 752 4186 vacatio
785 4128 878 4204 esset,
906 4139 959 4186 eos
983 4128 1079 4191 vexat
1102 4124 1267 4207 6616616-

98 4225 178 4309 cipis
209 4226 298 4290 iussa
333 4227 483 4310 perficere
520 4227 624 4291 adhuc
661 4228 842 4292 noluerunt.
893 4227 1092 4292 Eximuntur
1122 4221 1268 4294 neeessa-

96 4334 218 4398 riorum
242 4335 406 4398 custodia·
431 4336 486 4440 qui
524 4335 618 4398 etiam
656 4336 733 4419 legis
747 4345 749 4350 ·
765 4336 853 4399 111166
886 4336 996 4419 666616
1030 4336 1265 4403 eximebantur:
