3074 4788
751 298 971 373 ,.20..

276 495 372 552 retur.
424 479 641 551 Probabiliora
668 488 746 550 haee
773 487 983 570 videbuntur,
1014 488 1072 552 ubi
1098 488 1270 572 perlegeris
1298 493 1388 571 quae·
1409 480 1448 552 de

276 595 374 658 altero
398 600 429 658 et
455 596 547 658 tertio
579 594 659 657 libro
691 601 800 678 postea
831 595 953 678 loquar.
1005 595 1139 660 Carmen
1162 595 1206 658 Π.
1231 596 1248 657 7
1276 615 1341 658 non
1373 603 1450 659 ante

276 721 398 765 annum
422 702 484 764 727
509 701 661 764 medium
680 703 834 785 seriptum
863 721 933 767 esse
959 709 1046 786 puto.
1096 701 1257 787 Scriptum
1284 704 1371 766 enim
1396 709 1449 766 est

275 823 327 874 me
349 809 455 873 iudice
478 809 607 872 absente
629 810 778 892 Augusto
802 828 899 892 quem
922 817 1015 893 poeta
1038 829 1235 894 unoquoque
1261 809 1326 873 fere
1348 830 1447 875 vorsu

274 917 392 998 irridet,
416 916 485 1000 lege
507 937 558 978 vv.
579 917 671 998 bsq.:
693 964 806 978 .....
831 919 979 1001 quamvis
1002 917 1151 981 diduoore
1174 923 1317 981 amantes

434 1043 500 1086 non
524 1028 620 1107 queat
642 1023 761 1086 invitos
780 1023 923 1107 Iuppiter
944 1026 1014 1108 ipse
1032 1025 1123 1106 duos,
1175 1067 1178 1074 ·

386 1136 418 1194 at
437 1149 572 1214 magnus
591 1128 714 1210 Caesar,
738 1130 793 1193 sed
815 1150 953 1214 magnus
970 1130 1085 1194 (laesor
1107 1133 1141 1194 iu
1165 1133 1271 1212 armis,
1315 1159 1318 1166 ⁴

434 1239 576 1302 devictae
598 1242 709 1320 gentes
732 1236 779 1298 nil
802 1237 836 1299 in
859 1257 965 1302 amore
987 1239 1103 1302 valent.
1139 1269 1143 1275 ·

284 1371 286 1375 ·
363 1347 506 1430 Augusti
533 1345 572 1408 de
600 1344 812 1408 matrimoniis
845 1344 995 1407 ineundis
1027 1345 1128 1428 legem
1161 1344 1301 1428 aliquam
1335 1345 1446 1409 eludit.

273 1454 322 1518 lta
343 1454 407 1518 fere
430 1453 586 1536 loquitur:
610 1449 773 1514 ‘Extrema
795 1453 936 1534 pernioie
957 1470 1058 1534 paene
1081 1453 1174 1534 perii,
1205 1450 1374 1532 Cynthiam
1399 1453 1448 1515 di-

271 1562 396 1624 mittere
419 1565 562 1637 ooaotus3
586 1558 642 1621 sed
661 1577 702 1621 ne
725 1558 868 1642 luppiter
887 1559 1016 1642 quidem
1040 1564 1182 1622 amantes
1205 1559 1353 1623 diduoare
1375 1565 1447 1643 pot·
1525 1587 1526 1606 1

272 1674 333 1744 est3
354 1673 386 1730 at
409 1685 545 1748 magnus
564 1663 679 1728 Caesar
696 1671 809 1748 potest,
828 1666 884 1729 sed
902 1666 956 1729 ille
974 1665 1054 1729 bella
1071 1684 1179 1750 gerere
1198 1667 1266 1748 soit,
1283 1667 1318 1729 in
1337 1687 1447 1730 amore

271 1775 351 1836 nihil
370 1774 443 1852 soit3
468 1791 569 1856 egone
586 1772 720 1855 legitimi
738 1773 932 1835 matrimonii
954 1772 1056 1836 ferrea
1073 1773 1202 1836 vincula
1225 1773 1357 1837 subibo?
1384 1774 1446 1837 Mi-

271 1881 358 1944 nime
380 1881 533 1964 gentium,
557 1878 713 1960 Cynthiae
734 1879 874 1943 furtivus
896 1899 986 1943 amor
1002 1880 1082 1942 mihi
1100 1899 1177 1963 paoe
1194 1880 1336 1964 Augusti
1359 1883 1446 1945 eius-

271 1978 335 2070 que
358 1988 464 2070 legum
489 2004 613 2069 semper
635 1985 783 2069 plaoebit,
806 1986 978 2050 dummodo
1001 2005 1060 2070 ego
1083 1987 1130 2050 illi
1152 1987 1308 2071 plaoeam‚
1329 1990 1445 2073 Augu-

272 2102 340 2158 stus
359 2096 427 2178 ipse
446 2092 560 2157 liberos
580 2099 659 2176 quot
672 2095 788 2177 poterit
801 2093 892 2156 tollat
909 2099 941 2156 et
958 2093 1072 2156 eduoot
1081 2092 1236 2157 Parthicis
1253 2096 1446 2179 triumphis’.
1526 2109 1527 2126 ¹

269 2200 397 2265 Talibus
425 2200 571 2265 versibus
598 2219 694 2264 suurn
721 2200 876 2264 furtivum
906 2219 1046 2264 amorem
1075 2200 1217 2284 legitimo
1240 2203 1443 2266 matrimonio
1526 2201 1527 2228 ¹

269 2315 459 2392 anteponere
486 2313 651 2392 praesente
679 2310 828 2390 Augusto
852 2327 892 2371 ne
916 2313 1038 2371 secreto
1062 2307 1193 2389 quidem
1221 2327 1322 2371 ausus
1349 2315 1443 2372 esset.

268 2413 349 2478 Turn
373 2415 520 2479 oum-lex
539 2413 711 2499 rogabatur
729 2414 816 2477 domi
835 2433 910 2478 eum
929 2412 1067 2494 Cynthia
1089 2414 1237 2477 lacrimas
1260 2414 1444 2479 effundebat

268 2521 311 2602 (v,
332 2524 374 2604 2),
406 2541 470 2584 non
504 2521 640 2585 audebat
672 2522 846 2605 quicquam
880 2527 991 2584 eontra
1022 2520 1139 2598 dioere,
1170 2541 1321 2605 praesens
1353 2524 1441 2586 euim

268 2632 440 2712 Augustus
464 2635 544 2709 erat,
575 2632 607 2691 et
629 2633 721 2711 poeta
751 2628 885 2692 tortasse
910 2629 975 2691 iam
998 2629 1081 2690 inter
1103 2625 1295 2693 Maeeenatis
1321 2631 1441 2693 amioos

268 2741 415 2819 receptis
438 2742 512 2799 erat.
549 2735 634 2818 Ergo
652 2735 742 2799 brevi
760 2743 833 2819 post
855 2736 959 2820 legem
978 2739 1077 2818 quam
1094 2743 1259 2818 rogaverat
1281 2736 1441 2800 sublatam

267 2844 439 2926 Augustus
461 2839 562 2905 Roma
590 2841 751 2925 profectus
779 2849 841 2924 est,
869 2861 933 2926 quo
960 2842 1045 2906 facto
1072 2849 1164 2926 poeta
1192 2843 1322 2926 elegiam
1352 2842 1394 2906 Π.
1420 2845 1438 2905 7

267 2951 400 3032 scripsit.
450 2949 555 3014 Tertia
581 2950 626 3014 de
648 2950 857 3012 matrimoniis
884 2950 938 3014 lex
961 2948 1087 3012 duabus
1114 2948 1233 3012 frustra
1255 2950 1440 3032 praemissis

268 3058 408 3140 Augusti
422 3058 572 3140 auspiciis
591 3061 701 3140 rogata
719 3063 769 3120 est
785 3077 804 3120 a
821 3054 1119 3138 oonsulibus'Papio
1135 3061 1167 3118 et
1177 3054 1331 3140 Poppaeo.
1363 3055 1439 3140 Ipse

266 3167 438 3246 Augustus
462 3164 522 3226 hoo
544 3170 679 3228 testatur
705 3165 739 3227 iu
769 3166 911 3228 oratioue
933 3184 952 3226 a
974 3161 1078 3226 Dione
1106 3161 1219 3226 tradita
1241 3182 1268 3225 o.
1288 3163 1339 3244 56,
1360 3164 1390 3245 7,
1408 3166 1439 3245 3,

267 3270 343 3333 dicit
364 3271 465 3333 enim:
491 3318 551 3332 ...
575 3270 655 3331 ἀλλὰ
683 3270 718 3332 τὸ
744 3275 803 3352 μὲν
832 3276 951 3352 πρῶτον
979 3271 1049 3350 τρία
1075 3267 1128 3343 ἔτη
1157 3267 1215 3330 ὅλα
1238 3267 1313 3351 πρὸς
1336 3291 1437 3351 παρα-

266 3374 379 3450 σκευὴν
407 3377 482 3458 ὑμῖν
507 3375 608 3438 ἔδωκα
636 3377 671 3438 τὸ
697 3377 728 3438 dd
755 3377 895 3457 δεύτερον
925 3375 991 3437 δύο·
1024 3377 1090 3438 ἀλλ’
1125 3373 1213 3437 οὐδὲν
1244 3375 1307 3438 οὐδ’
1342 3375 1437 3443 οὕτως

264 3481 328 3542 οὒτ’
355 3483 489 3544 ἀπειλῶν
516 3483 584 3544 οὔτε
612 3489 788 3566 προτρέπων
814 3485 878 3546 οὒτ’
910 3481 1163 3566 drepanum
1193 3480 1262 3544 orire
1294 3481 1436 3564 δεόμενός

264 3613 293 3650 τι
307 3593 478 3664 πεποίηκα.
523 3589 625 3656 Tertia
647 3592 717 3676 lege
740 3612 824 3656 anno
845 3591 908 3654 762
928 3590 1046 3674 perlata
1068 3607 1172 3652 unum
1196 3609 1319 3654 annum
1342 3591 1435 3654 ereu-

263 3695 358 3761 bibns
386 3698 472 3762 dedit
498 3717 565 3783 ¹quo
596 3718 717 3763 uxores
744 3701 898 3764 duoerent
929 3704 960 3762 et
986 3713 1104 3780 poenas
1132 3697 1294 3762 evitarent
1345 3696 1434 3761 Alte

263 3823 331 3867 ram·
355 3805 591 3870 anteoedentem
615 3807 717 3890 legem
741 3825 825 3870 anno
852 3805 915 3870 736
942 3804 1093 3887 perlatam
1121 3821 1192 3867 esse
1214 3807 1287 3865 ante
1309 3802 1433 3868 Horatii

263 3929 390 3974 oermen
423 3913 584 3978 saeculare
622 3913 672 3994 (of.
700 3935 751 3976 vr.
782 3915 821 3976 17
851 3914 933 3997 sqq.)
966 3910 1096 3994 plurimi
1128 3909 1222 3972 hodie
1253 3911 1431 3992 opinantur.

262 4015 324 4083 Dio
352 4018 392 4080 ad
420 4037 541 4083 aunum
571 4020 633 4083 736
658 4039 682 4082 o
704 4021 815 4082 5116
844 4019 953 4084 tradit:
979 4019 1040 4084 τοῖς
1067 4015 1098 4078 δὲ
1125 4014 1261 4096 ἀγάμοις
1287 4015 1343 4078 καὶ
1366 4019 1432 4084 ταῖς

263 4123 428 4205 ἀνάνδροις
449 4126 606 4208 βαρύτερα
626 4125 822 4207 τᾶνέπιτῖμια
842 4123 1038 4198 ἐπέταξεικαὶ
1055 4120 1189 4204 ἔμπαλιν
1206 4127 1264 4192 τοῦ,
1280 4145 1310 4184 τε
1326 4122 1432 4205 γάμαυ

261 4229 316 4291 καὶ
335 4235 388 4306 τῆς
407 4231 604 4300 παιδοποιίας
623 4225 711 4292 ἆθλα
729 4232 851 4307 ἔθηκεν.
889 4230 1047 4295 Omnibus
1066 4233 1215 4315 ingenuis
1234 4229 1344 4294 eadem
1362 4230 1434 4312 lege

260 4345 384 4422 praeter
411 4347 594 4404 senatorum
621 4338 704 4402 filios
738 4338 912 4402 conubium
944 4358 1020 4400 oum
1042 4338 1199 4439 libertinis
1226 4337 1326 4417 dedit,
1356 4335 1429 4400 iude
