3074 4788
301 1097 351 1192 De
376 1097 413 1192 S.
441 1099 614 1219 Propertii
639 1101 711 1192 rita
735 1110 772 1192 et
799 1098 972 1193 librorum
999 1101 1126 1193 ordine

553 1241 865 1362 temporibusque.

214 1442 338 1560 Elegia
370 1475 507 1539 Romani
539 1495 604 1540 non
637 1476 742 1540 solum
775 1475 908 1538 eandem
942 1495 1038 1558 quam
1068 1475 1181 1541 Graeci
1213 1497 1295 1561 quos

125 1583 241 1645 imitati
265 1587 342 1646 sunt
363 1583 494 1667 gloriam
514 1584 651 1648 assecuti
675 1589 760 1664 sunt,
783 1583 838 1646 sed
858 1583 921 1646 nisi
939 1583 1047 1646 omnia
1063 1583 1180 1647 fallunt
1197 1586 1295 1648 maio-

124 1709 203 1753 rem.
250 1687 340 1755 Certe
368 1711 433 1755 non
460 1691 616 1755 vilissima
643 1709 715 1773 pars
743 1689 848 1752 laudis
872 1709 968 1772 quam
991 1689 1104 1754 litteris
1127 1692 1295 1776 Augustae

124 1803 225 1861 aetate
252 1796 371 1861 Romae
403 1796 589 1862 florentibus
624 1795 776 1860 debemus
809 1797 925 1879 ereptis
956 1795 1071 1860 Tibulli
1098 1797 1294 1882 Propertiive

124 1903 319 1968 carminibus
338 1910 547 1969 evanesceret.
576 1903 641 1968 Suo
661 1905 731 1967 iure
747 1901 963 1978 Quintilianus
981 1903 1066 1986 (inst.
1086 1924 1129 1967 or.
1145 1904 1186 1968 X.
1200 1906 1229 1987 l,
1240 1907 1294 1990 93)

123 2012 292 2096 gloriatur:
312 2011 421 2096 ‘elegia
446 2031 577 2096 quoque
598 2011 733 2075 Graecos
752 2030 961 2094 provocamus
981 2012 1075 2076 cuius
1093 2012 1170 2075 mihi
1190 2018 1293 2078 tersus

125 2124 222 2202 atque
249 2118 377 2202 elegans
406 2120 545 2183 maxime
573 2119 700 2182 videtur
723 2123 833 2182 auctor
854 2116 1012 2199 Tibullus,
1040 2124 1116 2182 sunt
1139 2120 1195 2202 qui
1218 2120 1295 2183 Pro·

123 2227 261 2310 pertium
285 2225 415 2289 malint'.
453 2225 491 2288 11
515 2227 564 2290 his
584 2225 614 2288 O.
634 2225 762 2290 Plinius
782 2225 950 2289 Secundus
971 2225 1104 2289 11111111
1127 2227 1294 2309 ponendus

124 2338 173 2397 est
195 2333 252 2416 qui
276 2351 322 2417 ep.
341 2332 399 2396 IX.
422 2334 462 2395 22
488 2333 525 2396 de
544 2333 708 2397 Passenno
727 2332 840 2396 Paullo
860 2333 952 2395 dixit:
977 2333 1021 2396 ‘in
1038 2333 1152 2396 litteris
1170 2337 1294 2398 veteres

125 2441 305 2505 aemulatur
328 2441 478 2524 exprimit
500 2441 613 2522 reddit,
640 2441 843 2524 Propertium
867 2441 1034 2523 imprimis,
1061 2461 1079 2503 a
1103 2459 1167 2524 quo
1190 2460 1294 2525 genus

126 2548 221 2628 ducit,
243 2567 318 2611 vera
341 2547 481 2629 subolae,
503 2567 605 2632 eoque
629 2547 793 2611 1111111111
815 2547 862 2610 illi
885 2548 920 2610 11
939 2567 1003 2631 quo
1022 2547 1074 2612 ille
1093 2549 1292 2631 praecipuus.

124 2655 157 2719 Si
186 2654 291 2739 elegos
319 2656 390 2719 eius
418 2656 452 2718 in
476 2654 608 2718 manu'm
637 2656 813 2738 sumpseris
840 2654 926 2737 leges
950 2673 1031 2738 opus
1054 2659 1176 2718 tersum
1200 2654 1293 2720 molle

123 2763 304 2826 iucundum
328 2767 359 2826 et
381 2762 475 2846 plane
497 2763 531 2825 11
554 2762 709 2846 Propertii
733 2762 826 2825 domo
846 2760 1019 2845 scriptum'.
1056 2760 1123 2824 Nos
1146 2762 1205 2824 hae
1223 2763 1292 2845 qui·

127 2869 198 2933 dem
224 2869 411 2953 quaestione
430 2869 721 2953 supersedebimus
742 2869 917 2954 gaudentes
940 2873 1116 2952 utrumque
1139 2887 1208 2932 1111
1231 2888 1293 2933 111-

125 2981 244 3040 vatum.
290 2975 425 3040 Felicior
447 2981 552 3041 tamar
573 2976 717 3040 Tibullus
733 2977 897 3060 Propertio
915 2975 986 3057 fuit,
1009 2993 1072 3038 111
1096 2975 1202 3038 solum
1225 2976 1293 3058 ipse

126 3084 236 3165 vivus,
259 3084 315 3147 sed
338 3085 433 3147 etiam
457 3085 609 3148 memoria
633 3083 780 3148 defuncti.
825 3081 908 3145 Nam
932 3101 1006 3145 cum
1030 3082 1157 3146 devita
1179 3081 1293 3146 Tibulli

125 3210 190 3254 non
220 3190 349 3274 quidem
379 3197 535 3274 quantum
564 3192 723 3275 cupiveris
752 3195 858 3254 tamen
887 3190 1043 3273 quaedam
1071 3194 1165 3271 certa,
1191 3189 1294 3273 ipsius

126 3297 327 3381 aliorumque
355 3299 544 3362 testimoniis
573 3317 637 3361 non
666 3297 864 3381 spernendis,
889 3296 1043 3378 sciamus,
1065 3315 1165 3380 paene
1189 3298 1293 3360 omnia

126 3425 209 3489 quae
241 3406 279 3469 de
311 3404 466 3489 Propertii
498 3406 564 3468 vita
595 3405 687 3469 hodie
720 3410 889 3468 namantur
921 3404 1113 3468 coniecturis
1149 3405 1292 3468 virorum

125 3512 289 3576 doctorum
323 3513 471 3576 nituntur
501 3513 587 3576 11111
620 3511 671 3576 hic
704 3512 771 3575 illic
803 3510 1038 3590 audacioribus3
1072 3511 1174 3574 multa
1211 3512 1293 3575 scitu

126 3620 313 3704 dignissima
344 3618 482 3684 tenebris
515 3620 714 3683 densissimis
747 3624 824 3682 sunt
856 3619 1012 3682 obvoluta.
1068 3619 1201 3681 Annum
1234 3635 1293 3682 nec

125 3727 263 3790 natalem
297 3745 356 3790 nec
387 3726 514 3791 fatalem
547 3727 676 3790 scimus.
723 3726 831 3790 Pauca
861 3727 930 3810 ipse
959 3726 997 3789 de
1026 3744 1058 3790 se
1081 3726 1292 3808 horoscopum

77 3917 79 3924 Ι
125 3833 219 3897 illum
238 3835 271 3895 in
290 3835 393 3917 prima
412 3834 516 3917 quinti
535 3832 606 3896 libri
626 3833 725 3916 elegia
740 3834 893 3897 dicentem
908 3833 981 3897 facit
996 3833 1139 3917 (Hauptii
1158 3832 1293 3897 editione

126 3959 207 4003 usus
231 3959 304 4005 sum
329 3961 424 4024 quam
448 3941 513 4005 Ioh.
532 3939 655 4004 Vahlen
680 3959 763 4003 anno
790 3941 874 4004 1879
899 3946 1050 4024 quartum
1073 3939 1191 4023 publici
1214 3940 1293 4003 iuris

1 4039 2 4058 ¹
125 4046 217 4128 fecit).
263 4047 420 4111 Paueiora
443 4067 539 4131 quam
564 4047 602 4110 ab
625 4048 694 4131 ipso
718 4046 756 4111 ab
780 4047 894 4112 Ovidio
922 4047 1143 4132 comperimus.
1176 4046 1294 4110 Tibulli

126 4159 260 4218 mortem
289 4155 389 4239 elegia
414 4155 627 4239 pulcherrima
650 4154 754 4238 luget,
780 4155 982 4238 Propertium
1007 4155 1084 4219 satis
1111 4153 1221 4217 habuit
1245 4173 1293 4217 so-

127 4261 229 4325 dalem
259 4281 354 4326 snum
387 4281 520 4326 vocasse
553 4266 583 4326 et
611 4263 765 4326 sescentis
797 4263 875 4326 locis
907 4263 1061 4326 imitando
1089 4261 1292 4345 expressisse.

127 4367 280 4433 Martialis
321 4373 379 4453 (ep.
418 4367 509 4431 VIII.
548 4369 589 4432 te
626 4374 658 4432 et
693 4367 783 4431 XIV.
819 4371 895 4455 189)
932 4376 964 4434 11
999 4370 1119 4436 Statius
1157 4366 1240 4451 (silv.
1268 4365 1293 4430 Ι.
