3074 4788
610 743 844 848 VITA.

673 961 744 968 *-

228 1099 332 1164 Natus
356 1119 428 1164 sum
451 1101 616 1165 Antonius
638 1099 731 1164 Mam
754 1121 780 1164 a.
805 1101 835 1165 d.
858 1101 914 1167 IV.
934 1102 995 1164 Oal.
1020 1100 1102 1164 Nov.
1126 1103 1202 1166 anni
1227 1103 1313 1166 1854

39 1193 45 1204 ’
138 1207 324 1270 Antunnaci
353 1228 417 1292 qua
444 1209 479 1271 in
506 1207 584 1272 urbe
607 1212 753 1291 parentes
776 1226 865 1272 meos
894 1208 997 1272 adhuc
1019 1211 1220 1274 interrivos
1242 1229 1313 1273 esse

138 1314 243 1378 laetor.
288 1315 398 1380 Fidem
422 1315 573 1400 profiteor
595 1315 789 1380 catholicam.
830 1313 1021 1380 Litterarum
1043 1318 1232 1381 rudimentis
1254 1318 1313 1379 im-

138 1420 236 1485 butus
265 1424 357 1486 annis
387 1423 607 1486 1866-1872
636 1423 858 1507 progymnasii
880 1425 1157 1506 Antunnacensis,
1185 1423 1312 1487 duobus

138 1530 196 1610 qui
228 1528 445 1612 sequebantur
477 1532 570 1594 annis
602 1530 764 1614 gymnasii
795 1527 1000 1594 Treverensis
1034 1530 1201 1615 disciplina
1232 1550 1312 1594 usus

138 1655 220 1698 snm.
270 1636 463 1701 Maturitatis
495 1638 676 1700 testimonio
704 1638 883 1700 instructus
916 1643 1089 1702 auotnmno
1122 1639 1198 1702 anni
1227 1638 1313 1718 1874

137 1744 377 1807 universitatem
405 1742 611 1807 Bonnensem
642 1744 721 1826 adii,
754 1742 811 1808 ubi
845 1744 959 1809 studiis
991 1746 1093 1828 primo
1127 1745 1313 1829 theologicis

138 1854 169 1913 et
191 1850 390 1934 philologieis
412 1871 490 1915 mox
513 1854 600 1914 totus
617 1851 818 1934 philologieis
838 1870 966 1935 operam
985 1852 1058 1916 dedi
1075 1871 1181 1935 usque
1199 1853 1239 1916 ad
1252 1865 1313 1916 'an-

137 1977 217 2021 num
241 1959 327 2021 1880
352 1977 415 2041 quo
440 1977 524 2021 anno
548 1957 630 2022 Non.
653 1957 743 2023 Febr.
768 1977 903 2022 examen
926 1979 983 2042 pro
1006 1959 1154 2024 facultate
1178 1959 1313 2024 docendi

137 2065 172 2127 in
209 2064 318 2131 eadem
354 2065 433 2129 urbe
476 2066 632 2149 superavi.
691 2064 879 2129 Docuerunt
915 2085 967 2130 me
1003 2067 1065 2129 viri
1103 2065 1314 2129 illustrissimi

138 2170 277 2255 Bergk,
309 2170 499 2253 Bischotf,
529 2171 681 2254 Delius,
711 2172 836 2255 Floss,
872 2172 1113 2256 Heimsoeth,
1149 2171 1314 2254 Kaulen,

136 2277 174 2342 R.
199 2278 363 2362 Kelrule,
385 2279 514 2363 Klein,
536 2280 566 2347 J.
585 2278 623 2342 B.
641 2278 784 2363 Meyer,
806 2279 1056 2344 Neuhaeuser
1079 2284 1111 2344 ot
1132 2298 1208 2362 prae
1231 2284 1313 2343 cete-

138 2387 182 2450 ris
201 2385 427 2470 Buecheler,
445 2387 607 2470 Usener,
624 2387 809 2452 lloerster.
846 2386 1078 2451 Buecheleri
1102 2392 1133 2452 et
1150 2386 1314 2451 Useneri

137 2494 258 2578 insigni
289 2512 364 2577 erga
394 2513 446 2559 me
477 2493 700 2560 benevolentia
731 2492 851 2557 factum
884 2499 932 2558 est
967 2499 1005 2558 ut
1036 2495 1116 2577 regii
1149 2494 1313 2558 seminarii

137 2599 322 2684 philologici
348 2620 406 2685 per
433 2607 546 2686 quater
573 2621 668 2666 senos
695 2619 825 2665 menses
853 2619 957 2665 essem
985 2601 1101 2665 sodalis
1131 2600 1313 2665 ordinarius

139 2711 170 2770 et
191 2707 387 2772 Foersteri
415 2708 610 2792 benignitate
644 2713 682 2772 ut
710 2709 871 2772 seminarii
898 2707 1008 2791 philol.
1035 2707 1150 2772 neolat.
1178 2727 1236 2791 per
1263 2707 1312 2771 bis

140 2833 234 2878 senos
256 2834 382 2880 menses
407 2816 525 2880 sodalis
548 2835 653 2880 essem
681 2816 870 2879 ordinarius.
918 2813 1070 2878 Omnium
1093 2814 1209 2878 horum
1230 2816 1313 2877 viro-

137 2942 211 2986 rum
234 2924 421 2986 memoriam
443 2927 532 3006 grato
555 2924 675 3007 pioque
699 2941 822 3006 semper
845 2923 951 2986 animo
982 2921 1092 2985 colam,
1138 2921 1314 3004 Postquam

137 3047 193 3112 per
216 3049 338 3093 annum
361 3030 518 3113 stipendia
544 3030 621 3112 feci,
652 3030 727 3094 inde
754 3048 868 3093 avere
901 3030 977 3092 anni
1002 3029 1086 3092 1881
1116 3028 1200 3112 apud
1228 3048 1313 3092 com-

137 3135 229 3220 plura
264 3137 434 3219 gymnasia
465 3136 620 3201 Rhenana
652 3155 785 3200 munere
825 3137 1037 3220 praeceptoris
1070 3135 1314 3200 extraordinarii

137 3242 268 3308 functus
293 3262 380 3324 sum,
407 3242 509 3306 donec
539 3242 599 3308 sub
627 3243 724 3308 linem
751 3245 829 3306 anni
853 3244 939 3306 1883
962 3244 1025 3306 viri
1053 3262 1193 3327 qnorum
1219 3262 1313 3306 curae

137 3351 341 3433 gymnasium
363 3348 622 3413 Montaborinum
646 3355 694 3414 est
717 3351 924 3414 commissum
952 3350 1033 3413 inihi
1055 3355 1242 3434 perpetuam
1266 3369 1314 3414 se·

139 3456 212 3520 dem
234 3457 268 3518 in
291 3476 352 3520 sua
378 3456 457 3521 urbe
485 3457 657 3522 hberalitor
688 3456 910 3541 praebuerunt.
956 3459 995 3522 A.
1020 3458 1048 3520 d.
1072 3456 1128 3524 IV.
1153 3456 1216 3520 Gal.
1240 3456 1313 3520 Iun.

137 3563 236 3627 huius
266 3564 344 3626 anni
376 3583 459 3627 novo
487 3567 636 3630 examine
664 3565 750 3648 apud
782 3564 1015 3648 amphssimum
1047 3564 1313 3648 philosophorum

138 3669 282 3734 ordinem
303 3669 520 3754 Lipsiensium
544 3677 691 3756 superato
717 3676 755 3736 ut
778 3672 897 3734 summi
924 3673 958 3734 in
985 3670 1187 3756 philosophia
1214 3671 1312 3734 hono-

136 3796 189 3840 res
211 3777 245 3840 in
268 3796 319 3840 me
343 3777 559 3842 conferrentur
581 3779 640 3845 rite
662 3779 836 3858 impetravi.
