3074 4788
701 285 920 348 ..12-

315 461 398 544 Ergo
426 461 611 545 Propertius
638 482 737 546 eques
762 463 891 546 quidem
918 464 1018 528 fuisse
1045 480 1111 528 non
1138 464 1278 546 videtur,
1301 469 1399 529 natus

227 573 334 632 tamen
362 573 410 632 θεῖ
437 568 621 652 parentibus
648 571 789 653 potentia
816 574 848 633 θῖ
871 570 988 634 divitiis
1010 571 1093 634 inter
1116 571 1325 654 municipales
1348 572 1399 635 in-

228 675 373 760 signibus
398 675 434 738 cf.
459 696 509 737 vv.
533 676 573 738 V.
599 678 627 758 1,
652 677 840 740 lar—129:
872 675 977 740 Patria
996 675 1153 760 Propertii
1172 683 1238 742 crat
1255 677 1399 761 Umbria,

227 783 265 846 cf.
288 803 338 845 vv.
363 783 386 845 I.
412 785 469 864 22,
493 785 521 849 9.
554 783 592 846 V.
619 786 652 866 1,
677 783 728 865 64,
753 785 824 846 121.
875 783 978 848 Natus
1007 788 1055 847 est
1082 785 1181 847 Asisii
1209 789 1247 848 ut
1272 787 1398 868 primus

226 889 450 954 Lachmannus
472 895 557 954 recte
581 891 689 954 docuit
711 889 875 972 (Zeitschr.
899 891 918 952 f.
941 889 1123 974 geschichtl.
1148 890 1399 956 Rechtswissen·

227 997 329 1062 schaft
351 997 409 1060 XI.
428 1018 457 1081 p.
479 999 563 1082 117).
600 995 762 1061 Traditum
787 985 917 1081 quidem
940 1002 989 1060 est
1011 998 1087 1061 Asis
1110 999 1142 1060 in
1166 1019 1196 1064 v.
1215 997 1254 1061 V.
1276 1000 1399 1082 1,125‚

228 1106 313 1190 quod
337 1105 528 1169 vocabulum
551 1125 608 1188 pro
631 1105 749 1168 montis
768 1105 897 1168 nomine
915 1103 1145 1188 Hertabergius
1164 1108 1267 1170 tenuit
1286 1127 1399 1190 quam-

228 1223 325 1296 quam
348 1211 401 1275 hic
423 1232 517 1275 mons
541 1213 575 1274 in
599 1215 664 1274 tota
682 1212 871 1294 antiquitate
889 1231 1052 1294 nusquam
1072 1211 1208 1295 adparet,
1231 1233 1271 1277 ne
1291 1213 1399 1297 oppidi

228 1320 357 1404 quidem
381 1339 498 1384 nomen
521 1321 556 1381 in
579 1317 669 1382 libris
691 1319 789 1382 huius
812 1319 963 1401 temporis
985 1319 1203 1402 geographicis
1227 1326 1323 1403 extat,
1349 1323 1399 1384 in·

228 1428 315 1492 colae
338 1433 442 1492 tamen
469 1417 647 1490 Asisinates
671 1430 959 1490 commemorantur
982 1446 1000 1491 a
1023 1425 1128 1490 Plinio
1157 1432 1219 1491 nat.
1243 1427 1314 1492 hist.
1338 1427 1397 1491 III.

230 1535 287 1616 19,
304 1535 390 1598 idem
412 1535 447 1597 in
465 1533 726 1617 inscriptionibus
748 1534 799 1614 98,
811 1533 906 1615 1250,
918 1532 1108 1614 1181,6126
1133 1534 1217 1617 apud
1236 1533 1398 1598 Orellium.

227 1641 393 1708 Praeterea
416 1641 571 1705 Passenni
598 1640 718 1722 Paulli,
750 1640 843 1702 cuius
876 1644 914 1703 ut
946 1640 1062 1704 sobolis
1090 1639 1244 1724 Propertii
1272 1640 1399 1706 Plinius

227 1750 423 1812 mentionem
455 1749 543 1829 iecit,
580 1748 693 1832 titulus
726 1747 911 1830 sepulcralis
943 1747 1043 1810 Asisii
1074 1748 1227 1812 inventus
1264 1755 1324 1824 est,
1361 1750 1397 1813 cf.

227 1854 361 1939 Hauptii
376 1876 423 1940 op.
434 1855 459 1922 I.
474 1856 536 1919 280
548 1873 615 1938 sqq.
653 1855 734 1916 Aliis
754 1854 863 1918 eodem
882 1855 953 1917 loco
973 1855 1122 1918 conlectis
1139 1855 1398 1939 inscriptionibus

227 1963 329 2026 Asisii
347 1964 480 2047 repertis
495 1963 729 2026 demonstratur
738 1961 978 2044 Propertiorum
993 1967 1119 2046 gentem
1129 1962 1229 2025 Asisii
1242 1961 1398 2027 floruisse.

228 2067 311 2152 Ergo
334 2071 367 2132 in
391 2090 421 2136 v,
444 2069 483 2131 V.
509 2070 626 2151 15125
655 2070 723 2132 sinc
752 2067 850 2132 dubio
878 2088 935 2152 pro
959 2070 1035 2132 Asis
1056 2074 1140 2133 recte
1163 2070 1264 2132 Asisii
1288 2069 1398 2133 scribi-

228 2182 288 2239 tur.
334 2176 403 2240 Nec
431 2177 483 2239 hic
510 2177 599 2239 locus
628 2180 750 2259 pugnat
777 2195 851 2238 cum
880 2195 931 2235 vv.
955 2173 979 2236 Ι.
995 2177 1064 2255 22,
1090 2177 1187 2259 9sqq.
1216 2176 1288 2240 Non
1313 2179 1398 2240 enim

227 2282 401 2366 ‘supposito
425 2282 545 2366 campo’
569 2302 626 2366 pro
652 2281 757 2345 dativo
782 2283 965 2364 acceperim,
994 2282 1079 2364 quod
1102 2281 1309 2368 Hertzbergio
1332 2284 1398 2367 pla·

228 2391 295 2452 cuit
322 2392 452 2472 (quaest.
481 2411 509 2473 p.
541 2391 572 2470 5)
603 2393 634 2454 et
661 2381 789 2472 Voigtio
819 2388 869 2468 (de
892 2387 948 2450 IV.
978 2387 1133 2471 Propertii
1161 2391 1241 2454 libro
1269 2411 1298 2474 p.
1329 2391 1396 2471 27);

227 2502 408 2580 pugnarent
431 2498 516 2561 enirn
538 2495 704 2581 ‘proxima'
729 2502 760 2559 ct
782 2494 974 2579 ‘supposit0'.
1001 2495 1101 2559 Poeta
1119 2497 1246 2580 scripsit
1264 2496 1397 2580 elegiam

228 2601 252 2667 1.
274 2604 315 2664 22
333 2601 452 2667 Romae
477 2609 508 2668 et
527 2604 609 2666 dixit
626 2603 732 2666 Tullo:
758 2605 885 2686 quaeris
910 2603 965 2666 ubi
984 2607 1079 2666 natus
1098 2604 1172 2681 sim;
1197 2604 1281 2666 nosti
1299 2601 1397 2666 Peru·

229 2711 307 2773 siam
336 2715 443 2774 nostro
473 2712 628 2791 sanguine
651 2729 754 2793 nuper
775 2701 950 2793 perfusam,
978 2709 1124 2793 proxima
1150 2729 1224 2793 pars
1248 2709 1398 2773 Umbriae

229 2817 382 2881 Perusiae
406 2819 569 2902 supposita
593 2836 645 2880 me
667 2817 789 2901 genuit,
817 2817 899 2880 infra
921 2817 1088 2880 Perusiam
1113 2817 1179 2880 sita.
1225 2815 1292 2879 Nec
1316 2837 1397 2879 cam·

228 2943 291 3007 pus
314 2924 399 2988 idem
423 2930 471 2989 cst
495 2924 579 3008 quod
603 2924 765 3007 planities3
790 2924 857 3005 ipse
880 2928 972 3007 poeta
996 2922 1071 2986 dicit
1093 2943 1121 2984 r.
1146 2922 1184 2984 V.
1211 2923 1240 3004 1,
1265 2925 1327 2986 123

248 3105 250 3110 ,
387 3033 461 3114 ‘qua
483 3023 638 3094 nebulosa
662 3049 739 3093 cavo
762 3035 845 3092 rorat
868 3026 1014 3092 Mevania
1037 3028 1166 3113 campo’.

229 3137 426 3213 Quibusdam
446 3157 486 3201 ex
501 3138 708 3201 similitudine
723 3157 774 3197 vv.
785 3135 823 3198 V.
843 3137 871 3216 1,
887 3136 928 3198 65
944 3155 989 3218 sq.
1005 3141 1036 3199 ct
1057 3137 1117 3198 121
1139 3157 1207 3220 sqq.
1228 3138 1399 3221 scrupulus

228 3250 323 3307 natus
347 3249 395 3308 est
418 3264 477 3308 nec
500 3246 677 3308 timuerunt
700 3245 782 3307 hanc
805 3249 836 3308 θῖ
858 3244 934 3307 alias
959 3243 1078 3306 similes
1101 3241 1141 3306 ob
1164 3263 1276 3308 causas
1302 3245 1399 3307 huius

229 3351 378 3414 carminis
387 3356 508 3434 partem
517 3351 723 3434 posteriorem
735 3353 874 3434 spuriam
887 3351 1093 3435 pronuntiare
1107 3357 1144 3413 ut
1154 3350 1398 3432 Heimreichius

228 3457 499 3541 Esohcnburgius
521 3457 772 3539 LuctiohanneS‚
796 3458 966 3522 Oanrttius.
1001 3456 1097 3532 Quia
1119 3458 1256 3541 plurima
1278 3456 1316 3520 ab
1340 3457 1399 3520 hoc

228 3565 368 3628 carmine
392 3564 636 3648 suppeditantur
658 3564 697 3628 ad
720 3563 877 3648 Propertii
900 3567 998 3628 vitam
1023 3564 1276 3648 cognoscendam
1298 3583 1399 3647 pauca

230 3669 268 3733 de
292 3689 328 3734 eo
352 3671 463 3738 adicio.
502 3671 599 3736 Recte
622 3671 847 3736 Lachmannus
869 3672 943 3735 inde
968 3693 986 3734 a
1008 3691 1105 3735 versu
1126 3672 1164 3732 11
1188 3690 1309 3734 novum
1334 3690 1397 3733 car·

229 3797 303 3840 men
326 3778 466 3861 incipere
489 3781 598 3860 iussit,
626 3784 708 3842 recte
737 3779 821 3842 idem
850 3779 936 3842 addit
957 3799 987 3861 p.
1013 3779 1076 3841 330
1099 3779 1174 3840 ‘tam
1203 3779 1288 3842 enim
1317 3777 1398 3841 serio

230 3885 294 3968 agit
316 3905 335 3946 a
356 3886 510 3968 principio
534 3890 571 3949 ut
593 3886 700 3949 omnia
722 3887 807 3949 risus
831 3905 929 3948 causa
948 3884 1079 3948 conficta
1103 3903 1256 3949 essenon
1279 3886 1397 3969 possim

230 3990 374 4055 credere'.
420 3992 491 4056 Non
515 3999 599 4057 recte
621 3993 704 4056 idern
730 3994 877 4076 opinatus
902 4011 971 4056 esse
994 3992 1122 4056 videtur
1150 3992 1243 4075 plane
1267 3992 1399 4055 diversis
1511 4021 1514 4028 ·

229 4097 436 4182 temporibus
458 4099 527 4163 aliis
552 4099 745 4164 carminibus
764 4100 966 4183 interpositis,
990 4099 1069 4162 duas
1089 4099 1207 4182 elegiae
1227 4104 1332 4182 partes
1355 4103 1399 4161 at-

229 4206 412 4271 tribuendas
445 4227 524 4290 θεεθ,
557 4208 643 4291 quod
676 4213 781 4271 tamen
814 4206 907 4269 multi
933 4206 995 4268 illc
1029 4210 1158 4270 arictore
1190 4206 1398 4270 crediderunt.

230 4312 328 4377 Primi
360 4315 509 4380 carminis
542 4314 615 4378 libri
649 4315 754 4397 quinti
787 4333 836 4376 vv.
869 4314 974 4376 1-70
1008 4331 1064 4395 pro
1097 4314 1259 4395 prooemio
1293 4314 1400 4397 script-i
