3074 4788
575 299 792 360 „57-

93 473 153 536 ubi
181 493 246 538 non
274 475 363 539 canis
390 475 493 540 fuisse
516 476 643 541 ridetur
665 477 795 560 vigilax,
822 476 964 559 alioquin
987 475 1039 538 hie
1062 493 1192 558 quoque
1215 473 1267 537 de'·

93 586 268 644 reveretur
290 582 324 644 in
347 583 487 646 carmine
510 582 569 646 III.
594 585 644 647 23.
692 583 808 648 Contra
829 585 865 646 in
887 581 1055 647 Suburana
1078 581 1173 646 domo
1196 581 1268 646 lena

93 692 129 750 et
157 689 244 751 oanis
273 687 314 752 ob
342 688 419 752 vilia
445 709 582 754 munera
603 697 715 775 poetae
737 691 962 755 infestissimae
986 708 1078 773 saepe
1101 689 1267 753 timentem

93 793 315 878 propellebant
342 815 394 858 rr.
423 796 463 858 V.
494 799 522 874 5,
547 798 586 859 71
599 817 645 881 sq.
697 781 802 874 Quare
830 796 967 878 Cynthia
993 796 1063 860 sire
1090 795 1130 859 ob
1158 815 1267 880 super-

93 901 239 964 stitiosos
257 903 386 967 timores
404 904 473 968 sive
495 905 603 968 neseio
627 925 691 989 qua
709 905 769 968 alia
787 923 822 969 re
840 908 999 968 commota
1016 903 1121 967 lenam
1140 903 1268 968 domare

93 1013 162 1072 aut·
176 1008 333 1074 dimittere
355 1029 419 1074 non
443 1030 523 1074 ausa
545 1030 619 1075 eum
643 1017 750 1094 tamen
772 1031 813 1076 ne
836 1012 870 1074 in
891 1012 1031 1095 priorem
1055 1011 1185 1094 quidem
1214 1011 1268 1074 do-

93 1135 189 1178 mum
216 1122 339 1200 poetam
367 1118 506 1201 recipere
534 1123 590 1182 aut
616 1119 712 1183 vellet
738 1123 794 1183 aut
816 1123 923 1202 posset
944 1122 1110 1202 praesente
1133 1119 1268 1203 ooniuge

93 1227 128 1286 et
152 1223 300 1287 nmnlato
327 1225 440 1288 itinero
467 1226 499 1288 in
524 1225 727 1290 Suburanam
756 1227 889 1290 domum
913 1225 1162 1309 confugiendum
1185 1231 1269 1290 esset

93 1348 156 1412 per
177 1329 347 1394 fenestram
371 1331 479 1396 dolose
502 1337 626 1416 poetam
650 1334 819 1398 convenire
843 1333 914 1416 cogi
932 1351 1034 1415 eoque
1052 1333 1155 1416 magis
1174 1333 1212 1396 de
1231 1352 1268 1397 eo

92 1437 211 1500 mereri
242 1436 422 1520 videbatur,
450 1439 486 1502 of.
510 1460 539 1501 v.
563 1439 602 1502 V.
629 1441 656 1522 7,
682 1442 731 1503 15.
768 1440 830 1506 Sed
852 1460 966 1524 parum
985 1444 1069 1504 certa
1087 1440 1165 1504 haee
1184 1446 1267 1504 sunt.

92 1541 169 1606 Hoc
190 1548 296 1607 tamen
319 1544 370 1610 his
392 1546 541 1610 omnibus
565 1546 647 1611 effici
669 1553 747 1632 puto
771 1547 941 1630 cynthiam
963 1546 1065 1611 fuisse
1091 1552 1268 1611 matronam

94 1649 295 1732 splendidam
324 1651 455 1718 divitem
481 1654 745 1719 formosissimam
773 1674 814 1720 ne
843 1655 959 1719 artium
983 1653 1113 1737 quidem
1137 1656 1268 1719 omnino

93 1757 220 1839 rudem,
242 1758 408 1824 mulierem
432 1767 539 1826 tamen
557 1761 753 1826 levissimam
772 1768 803 1826 et
820 1762 964 1826 hodierni
983 1781 1108 1825 momm
1127 1764 1269 1846 magistri

95 1866 256 1928 sententia
273 1865 457 1931 foedissima
475 1868 674 1952 impudicitia
691 1869 825 1953 perfidia
846 1870 977 1933 avaritia
999 1869 1150 1934 infamem
1174 1871 1269 1934 mori·

95 1971 160 2035 bus
193 1976 230 2036 ut
257 1972 393 2037 Plautus
427 1974 543 2039 diceret
575 1977 848 2040 merebioissimis.
898 1975 983 2039 Talia
1016 1983 1123 2040 autem
1149 1976 1269 2042 Romae

95 2084 168 2142 tum
192 2081 342 2163 temporis
361 2100 425 2144 non
448 2101 579 2166 prorsus
603 2103 688 2146 nova
710 2089 800 2148 erant
822 2089 853 2148 et
875 2083 1025 2148 inaudita.
1070 2083 1183 2148 Lesbia
1205 2086 1269 2148 iam

94 2193 310 2270 praecesserat
338 2188 433 2272 digna
460 2189 566 2254 hercle
593 2210 695 2254 novae
723 2189 971 2266 Quadrantariae
999 2191 1123 2255 sodalis.
1175 2191 1269 2256 Prae·

95 2283 183 2357 terea
206 2296 282 2358 satis
303 2295 395 2379 probi
417 2285 451 2358 in
474 2297 533 2360 hae
554 2316 589 2361 re
612 2301 709 2362 testes
728 2303 812 2379 sunt,
834 2298 903 2381 ipse
926 2297 1111 2383 Propertius
1134 2319 1184 2361 vv.
1208 2299 1268 2362 III.

96 2401 151 2482 32,
175 2401 216 2463 47
229 2421 296 2486 sqq.
320 2401 376 2465 IV.
402 2403 453 2485 12,
478 2403 518 2466 18
543 2403 597 2485 (ΙΙ.
623 2405 652 2486 6,
676 2407 775 2489 25sq.
799 2404 856 2468 IV.
883 2404 933 2487 13,
957 2407 998 2469 23
1010 2427 1078 2490 sqq.
1114 2406 1268 2471 Horatius

95 2497 149 2569 'vu
174 2527 199 2570 e.
224 2507 282 2571 III.
307 2510 336 2591 6,
361 2511 494 2595 llsqq.;
521 2513 573 2593 24,
597 2512 638 2574 20
649 2531 718 2595 sqq.
766 2511 856 2575 Ovid.
879 2513 952 2576 Am.
976 2534 1027 2575 vr.
1052 2514 1077 2577 I.
1101 2516 1132 2596 8,
1155 2517 1219 2594 43).

128 2601 130 2605 ’
172 2605 357 2696 ‘cynthiam
389 2617 506 2683 Tibure
529 2625 636 2683 natam
659 2638 729 2682 esse
751 2617 980 2704 Hertzbergius
1004 2641 1030 2685 e.
1053 2642 1083 2683 v.
1108 2621 1147 2683 V.
1174 2623 1203 2705 7,
1226 2624 1268 2686 85

258 2721 431 2788 ‘Tiburtina
452 2727 533 2789 iacet
555 2726 615 2789 hae
638 2745 734 2790 aurea
752 2725 888 2806 Cynthia
910 2727 1012 2791 terra’.

95 2830 246 2911 coniecit,
272 2831 390 2915 reliqui
417 2833 553 2897 editores
580 2853 654 2896 eum
677 2831 880 2896 lachmanno
907 2834 1005 2898 verba
1027 2840 1270 2919 transponentes

96 2938 145 3000 sio
168 2939 376 3021 seripserunt:

257 3043 329 3109 ‘Hie
350 3045 516 3110 Tiburtina
537 3048 619 3112 iacet
641 3066 738 3112 aurea
761 3046 898 3129 Cynthia
920 3047 1012 3111 terra’

95 3139 185 3216 unde
211 3151 389 3217 efficeretur
411 3151 526 3218 libure
550 3171 619 3217 eam
644 3154 801 3238 sepultam
825 3173 902 3219 esse.
948 3153 1107 3239 Equidem
1133 3157 1168 3220 in
1190 3177 1269 3222 neu·

95 3264 179 3322 tram
193 3247 323 3342 'partem
347 3259 473 3323 disoedo
496 3260 553 3346 ped
576 3281 626 3322 vv.
651 3260 781 3324 81-86

257 3365 413 3431 ‘Ramosis
438 3368 521 3430 Anio
546 3388 609 3451 qua
631 3368 767 3453 pomifer
788 3367 918 3432 incubat
941 3370 1025 3434 arvis

312 3479 344 3538 et
365 3494 534 3559 nunquam
556 3474 718 3539 Herculeo
742 3477 877 3540 numine
898 3476 995 3560 pallet
1018 3475 1106 3559 ebur,

257 3583 309 3646 hie
332 3601 457 3646 carmen
481 3582 585 3647 media
608 3583 741 3666 dignum
764 3601 816 3647 me
840 3583 942 3649 scribe
965 3585 1122 3666 columna,

312 3689 366 3754 sed
390 3689 485 3754 breve
509 3690 595 3774 quod
619 3709 751 3755 currens
773 3696 884 3754 vector
906 3691 945 3754 ab
968 3690 1048 3756 urbe
1070 3692 1162 3776 legat,

258 3795 422 3860 Tiburtina
444 3797 525 3862 iaeet
547 3798 607 3861 hac
630 3817 726 3862 aurea
749 3797 884 3880 Cynthia
907 3804 997 3863 terra.

95 3903 98 3910 “
175 3899 182 3906 “
298 3887 554 3988 ἀοοθεείϊτὶραθ
577 3905 795 3970 lausAniene
819 3905 912 3970 tuae?

97 4013 226 4096 spurios
250 4031 319 4077 esse
341 4011 456 4075 iudico.
494 4011 639 4075 Primum
663 4033 693 4074 v.
713 4013 753 4076 81
779 4017 816 4077 ut
834 4011 968 4076 traditur
985 4014 1114 4097 ineptus
1132 4020 1191 4097 est,
1213 4016 1269 4079 sed

97 4139 139 4184 ne
163 4124 288 4203 reoepta
311 4119 440 4204 quidem
464 4118 700 4183 Brouelrhousii
723 4119 943 4183 emendatione
966 4121 1023 4203 qui
1047 4121 1155 4185 scribit

258 4227 409 4311 ‘pomosis
432 4228 517 4290 Anio
542 4246 606 4310 qua
629 4227 783 4310 spumifer
805 4224 935 4290 incubat
957 4226 1052 4292 arvis’

99 4333 227 4399 defendi
253 4339 371 4419 potest,
403 4333 500 4398 verba
531 4333 704 4418 ‘spumifer’
733 4339 764 4398 et
790 4317 939 4398 ‘incubat’
967 4335 1050 4399 male
1080 4335 1268 4418 iunguntur.
