3074 4788
588 277 808 340 ..45-

108 457 231 539 partius
250 457 284 520 in
303 476 334 518 1.
354 456 378 520 I.
401 457 430 537 1,
445 457 472 519 2.
518 455 590 519 Nisi
613 456 721 531 omnia
741 454 856 518 fallunt
879 454 989 518 eadem
1012 454 1089 518 hora
1113 453 1283 535 Cynthium

109 582 203 626 serva
219 563 322 627 multo
339 562 558 627 formosiorem
577 567 609 626 et
626 561 707 626 vidit
725 567 757 626 et
775 563 894 626 amavit
912 560 949 624 oi
967 581 1018 624 11.
1033 561 1089 624 IV.
1107 562 1158 642 15,
1178 562 1206 643 9,
1225 561 1283 624 lll.

111 670 162 750 32,
188 668 274 751 1111,
296 669 351 733 IV.
378 672 429 753 10,
454 672 503 733 15.
540 671 669 734 Amoris
692 669 783 732 ardor
803 675 834 732 et
851 667 1007 732 indefessa
1026 669 1204 732 constantia
1222 669 1284 732 hoc

109 776 275 859 spondent
303 776 450 841 Fortasse
469 777 598 841 absente
608 775 744 857 Cynthia
755 775 933 857 Lycinnam
953 780 983 838 et
997 776 1147 859 cognovit
1162 781 1193 840 et
1209 795 1284 840 eon-

109 884 208 948 venit
236 883 381 948 Fortasse
399 883 562 966 ‘Lycinna'
581 900 696 948 verum
716 882 852 946 Graecae
872 901 981 948 servae
1000 901 1119 946 nomen
1137 882 1206 946 fuit.
1244 882 1284 946 In

43 985 50 1006 ⁸
109 990 234 1053 ancillis
267 1012 404 1074 querum
437 997 493 1055 ant
525 996 643 1054 sortem
678 992 824 1074 iniquam
861 989 956 1054 deflet
988 988 1125 1070 Cynthia
1156 995 1283 1054 mortua

108 1101 220 1180 poetae
251 1117 308 1182 per
340 1118 488 1162 somnum
521 1116 674 1181 apparens
705 1098 738 1160 in
772 1098 912 1160 carmine
939 1096 977 1158 V.
1004 1098 1033 1178 7,
1062 1102 1118 1160 aut
1146 1116 1282 1184 quarum

108 1205 304 1288 impietatem
328 1207 479 1291 increpat,
503 1212 559 1269 ant
582 1224 663 1287 quas
685 1209 795 1287 poetae
819 1205 982 1287 superstiti
1002 1204 1203 1268 commendat
1221 1202 1283 1285 Ly-

109 1313 205 1375 cinna
233 1332 297 1375 non
325 1319 386 1394 111,
412 1312 544 1376 fortasse
567 1331 637 1375 eam
661 1311 791 1374 domina
813 1311 998 1375 vendiderat
1020 1316 1058 1374 nt
1080 1309 1282 1393 Lygdamum

109 1437 144 1481 se
163 1419 365 1483 venditnram
384 1439 453 1484 esse
472 1419 575 1483 simile
593 1418 633 1482 ob
651 1419 772 1481 crimen
791 1419 932 1482 minatur
950 1438 975 1481 c.
998 1417 1037 1479 V.
1058 1418 1086 1480 8.
1112 1437 1161 1480 11.
1184 1419 1224 1481 79
1235 1437 1281 1500 sq.

198 1559 375 1642 Lycinnam
394 1563 492 1646 igitur
509 1567 580 1645 post
598 1560 694 1624 breve
711 1561 863 1643 temporis
882 1558 1022 1644 spatium
1045 1560 1165 1623 dimisit
1184 1559 1283 1623 domi-

109 1688 184 1731 nam
214 1669 393 1751 deperiens,
419 1688 476 1753 per
503 1675 573 1732 octo
596 1687 697 1731 annos
720 1667 829 1731 eodem
852 1666 917 1730 1111
941 1666 1051 1730 ardore
1074 1666 1183 1729 eadem
1208 1686 1282 1730 con·

110 1777 226 1839 stantia
252 1776 299 1839 illi
328 1777 518 1857 serviturus,
546 1775 668 1838 nullam
692 1777 811 1838 amicae
835 1777 890 1838 aut
913 1773 953 1836 ob
977 1775 1140 1836 avaritiam
1165 1779 1221 1837 aut
1243 1774 1282 1838 ob

109 1881 274 1965 perfidiam
303 1883 521 1967 aufugiturus,
549 1884 724 1946 amicorum
752 1901 811 1946 neo
838 1883 918 1944 risui
942 1879 1009 1961 (IV.
1035 1883 1086 1961 25,
1112 1868 1199 1964 lsq.)
1223 1901 1283 1946 neo

108 1987 216 2072 probis
239 1991 377 2052 consiliis
402 2009 559 2053 cessurus.
604 1989 727 2054 Verum
751 1989 906 2052 dixitur.
930 1985 987 2050 IV.
1013 1990 1064 2069 24,
1090 1988 1187 2071 l3sq.

268 2113 449 2200 ‘Correptns
476 2134 570 2178 saevo
593 2115 729 2179 Veneris
756 2112 895 2177 torrebar
918 2115 1031 2194 abeno,

313 2224 443 2286 vinctus
466 2241 552 2286 eram
575 2241 684 2286 versas
706 2222 740 2284 in
764 2240 835 2285 mea
858 2225 946 2303 terga
968 2219 1103 2283 manus?

108 2346 202 2412 Idem
226 2348 283 2430 qui
306 2347 450 2431 superbit
472 2367 569 2412 versu
592 2346 649 2411 IV.
675 2347 703 2429 1,
729 2347 768 2410 12

268 2473 532 2556 ‘scriptorumque
555 2491 642 2536 meas
666 2471 759 2536 turba
783 2475 892 2534 secuta
914 2469 1020 2551 rotas’,

107 2597 217 2673 ‘unius
243 2615 358 2660 servus
385 2599 503 2661 amoris
530 2595 605 2660 eret’
629 2598 669 2676 (1.
698 2595 757 2660 ΙΙΙ.
789 2596 843 2677 13,
867 2597 929 2676 36).
979 2595 1183 2678 Aliquotiens
1211 2597 1280 2680 ipse

108 2705 319 2768 miserrimam
339 2723 430 2768 suam
450 2703 668 2767 condicionem
692 2704 852 2786 cognovit,
874 2702 911 2766 of.
935 2701 1029 2766 111.
1050 2703 1080 2784 6,
1099 2703 1140 2766 26
1156 2724 1201 2786 sq.
1225 2703 1280 2767 IV.
1385 2759 1388 2768 .

110 2811 162 2893 11,
187 2812 215 2888 7,
238 2813 266 2873 8.
303 2810 352 2874 Ν1
374 2817 501 2874 mortua
525 2809 653 2892 quidem
673 2808 810 2890 Cynthia
831 2811 865 2872 in
885 2809 1046 2892 Propertii
1061 2810 1167 2874 animo
1188 2831 1280 2876 suam

107 2919 293 2982 memoriam
317 2919 464 3001 extingui
486 2937 580 3001 passa
603 2923 653 2981 est
674 2922 754 2980 teste
778 2917 917 2980 camnine
940 2917 979 2980 V.
1002 2918 1029 2979 7.
1069 2915 1158 2980 Huic
1182 2921 1281 2982 amori

108 3027 248 3108 optimos
269 3026 353 3088 vitae
371 3043 472 3088 annos
491 3025 695 3089 consecravit.
737 3024 817 3088 Post
835 3023 1004 3105 Cynthium
1028 3025 1184 3106 sepultam
1213 3028 1281 3109 ipse

107 3151 228 3215 paucos
246 3150 304 3215 per
321 3150 423 3194 annos
442 3137 604 3215 superstes
627 3132 697 3195 fnit.
738 3130 826 3195 Huic
848 3133 906 3194 uni
927 3130 1131 3194 celebrandae
1154 3152 1280 3198 musam

108 3240 228 3302 servire
255 3237 362 3318 iussit,
389 3236 425 3299 cf.
449 3257 501 3302 11.
524 3236 582 3301 ΙΙΙ.
614 3239 664 3319 12,
692 3239 744 3318 22,
771 3237 796 3302 Ι.
826 3239 854 3320 7,
882 3241 933 3320 24,
961 3237 1011 3301 Ill
1041 3239 1092 3320 13,
1121 3239 1171 3302 36.
1216 3239 1281 3305 Ubi

108 3344 245 3426 Cynthia
276 3346 356 3408 irata
388 3352 444 3408 aut
475 3345 588 3410 infeste
619 3352 670 3409 est
692 3351 824 3428 poetae,
854 3346 924 3427 ipsa
952 3365 1045 3409 niusa
1072 3344 1157 3409 lenta
1185 3347 1279 3411 sedet.

107 3453 306 3516 Paucissima
333 3453 473 3516 carmina
499 3454 720 3537 reperiuntur,
751 3453 780 3516 si
812 3457 1010 3535 postremum
1042 3451 1160 3516 librum
1188 3456 1280 3517 omit-

107 3561 220 3640 timus,
257 3578 339 3643 quae
380 3579 446 3623 non
484 3559 591 3642 aliquo
628 3560 721 3624 modo
764 3577 903 3622 amorem
941 3560 1011 3623 eius
1048 3560 1116 3622 sive
1156 3560 1279 3624 felicem

108 3667 177 3730 siva
198 3665 357 3730 infelicem
391 3671 544 3750 spectent
593 3665 717 3730 Verum
749 3665 874 3747 fatetur,
900 3667 1056 3730 iuvenum
1083 3667 1204 3731 ardoris
1232 3673 1281 3732 est

108 3793 246 3858 magnus
268 3779 359 3856 poeta
382 3773 418 3852 (Ι.
445 3775 472 3855 7,
498 3775 565 3854 24),
593 3774 621 3836 11
649 3772 774 3838 sobrius
802 3775 930 3836 Amoris
957 3773 1019 3837 tela
1047 3776 1194 3857 quamvis
1217 3776 1279 3858 ipsi

107 3879 227 3944 fuerint
252 3879 358 3944 fatalia
385 3879 588 3962 propulisset,
617 3879 789 3944 admodum
823 3879 957 3944 dubium
986 3888 1034 3944 est
1062 3901 1140 3946 num
1169 3882 1278 3946 eadem

107 3986 257 4050 facilitate
281 3987 390 4050 eadem
409 3988 518 4070 gratia,
543 4007 607 4069 qua
625 3987 707 4051 levis
725 4005 824 4066 soror,
847 4005 958 4050 severa
974 4007 1069 4052 musa
1088 3990 1117 4052 ei
1135 3989 1279 4072 pulcher-

106 4094 188 4156 rima
221 4095 362 4156 carmina
395 4094 642 4177 suppeditasset3
678 4093 742 4156 dno
776 4093 991 4174 suppeditavit
1022 4097 1163 4160 carmina
1189 4095 1228 4158 V.
1259 4097 1278 4157 6

108 4207 139 4263 11
165 4201 215 4263 11.
261 4199 389 4264 Novum
420 4220 536 4264 nomen
559 4199 671 4264 fictum
694 4205 785 4283 poeta
815 4200 934 4263 amicae
963 4202 1048 4265 dedit
1074 4208 1111 4265 ut
1135 4202 1279 4266 Catullus

34 4289 36 4294 '
106 4306 252 4370 neurius
280 4306 415 4370 onnus
443 4306 734 4388 (1111111111.
760 4307 814 4387 10,
839 4306 893 4388 oo)
922 4308 1037 4392 paens
1067 4311 1143 4372 suis.
1189 4313 1278 4393 Apu-
