3074 4788
740 287 959 348 ..53-

267 465 450 549 Propertius
470 467 649 549 scripsisset
667 465 852 529 ‘incumbit'
880 464 952 528 Non
966 466 1075 528 minus
1089 465 1218 546 ineptus
1233 468 1282 526 est
1297 481 1439 546 sequens

266 591 388 637 versus.
430 571 477 637 De
500 579 585 638 certo
613 571 739 636 tumulo
767 573 871 656 agitur
893 573 927 634 in
952 589 1016 655 quo
1040 569 1176 652 Cynthia
1199 570 1324 654 sepulta
1345 570 1438 634 iacet.

266 679 372 744 Versu
405 680 444 743 81
484 685 575 764 poeta
610 678 741 743 iubetur
770 680 914 762 proxime
946 678 1069 741 flumen
1102 677 1285 740 columnam
1318 693 1440 760 ponere

266 789 411 872 proxime
438 788 547 852 eadem
577 805 670 870 opera
697 786 986 869 praetervehenteS‚
1017 789 1139 868 poterat
1171 784 1257 848 onim
1288 783 1441 848 tumulus

267 895 352 958 haud
384 895 495 978 procul
527 915 545 957 a
575 893 709 957 flumine
737 893 853 957 abessa
905 891 974 956 Iam
1003 911 1078 956 vero
1106 893 1260 956 incertam
1291 891 1355 954 loci
1385 890 1441 954 de-

266 1001 443 1066 finitionem
471 1001 610 1066 feremus
634 1019 716 1084 quae
740 1001 905 1082 sequitur?
951 999 1025 1063 Non
1048 999 1132 1062 anim
1156 999 1189 1060 in
1215 997 1279 1061 fine
1301 996 1441 1060 Romani

266 1108 489 1192 Tiburtinique
516 1109 584 1192 agri
612 1107 735 1190 sepulta
762 1106 894 1191 fingitur
921 1106 977 1172 sod
1003 1105 1119 1170 Tibure
1146 1111 1184 1169 ut
1211 1125 1241 1166 v.
1265 1105 1305 1168 81
1336 1105 1441 1185 dome„

267 1235 341 1299 ergo
366 1215 481 1279 similia
503 1216 580 1308 haec
603 1219 680 1278 sunt
703 1216 796 1297 quasi
820 1216 893 1298 quis
912 1213 1062 1278 Goloniae
1080 1213 1274 1296 Agrippinae
1298 1213 1440 1275 1116116111
1527 1235 1528 1260 1

268 1341 364 1406 prope
391 1321 540 1386 Rhenum
567 1322 751 1404 sepulcrum
780 1321 840 1385 sibi
867 1322 968 1404 parari
991 1319 1069 1386 velit
1090 1319 1249 1402 addetque
1271 1321 1381 1402 ‘atque
1403 1319 1440 1382 in

268 1429 438 1492 Germania
466 1427 613 1512 quidem’
664 1426 794 1492 Doctior
822 1447 952 1512 quoquc
979 1428 1031 1490 hic
1058 1444 1173 1490 versus
1199 1429 1249 1490 est
1276 1445 1375 1509 quam
1403 1426 1441 1488 111

267 1541 412 1600 mortuae
444 1534 598 1616 Cynthiae
634 1554 687 1598 ore
725 1535 859 1618 querulo
889 1535 965 1600 ferri
996 1534 1106 1618 possit.
1161 1533 1230 1596 Iam
1262 1551 1338 1596 vero
1370 1534 1441 1616 ipse
1527 1551 1528 1560 ¹

267 1643 382 1706 titulus
405 1662 470 1705 non
494 1643 602 1706 minus
623 1643 787 1707 fastuosus
808 1642 858 1707 'est
881 1663 978 1726 quam
1001 1642 1110 1705 fatuus
1127 1640 1300 1724 futilisque.
1347 1641 1441 1704 Sicut

267 1751 403 1813 traditur
422 1769 534 1814 versus
552 1749 725 1836 ‘Tibmtina
743 1749 833 1814 iacet'
853 1755 921 1834 otc,
938 1769 1004 1814 non
1022 1755 1126 1834 potest
1142 1748 1226 1829 ferri,
1248 1766 1315 1811 non
1334 1747 1439 1811 solum

268 1862 397 1941 propter
415 1877 480 1920 non
498 1856 684 1940 productam
703 1858 908 1940 posteriorem
933 1855 1087 1938 syllabam
1110 1857 1199 1919 vocis
1222 1857 1229 1888 ‘
1253 1854 1355 1937 iacet,
1378 1855 1440 1918 hoo

268 1965 372 2028 levius
397 1970 454 2036 cst,
478 1963 534 2028 sed
557 1965 705 2046 seqnitur
727 1983 840 2028 versus
884 1995 886 2000 .

426 2109 568 2172 ‘accessit
590 2107 676 2190 ripae
699 2107 769 2171 laus
792 2105 918 2170 Anione
941 2105 1034 2188 tuae,

267 2251 345 2314 haec
383 2269 449 2314 non
486 2255 623 2334 possunt
654 2268 719 2313 non
750 2249 859 2312 referri
892 2248 931 2312 ad
962 2249 1119 2314 iacentem
1150 2267 1247 2332 prope
1279 2248 1437 2312 Anienem

267 2357 407 2442 puellam
430 2363 596 2420 mortuam.
649 2354 884 2422 Otiosissimum
918 2357 1014 2420 etiam
1042 2359 1090 2420 est
1121 2357 1228 2439 ipsum
1262 2372 1438 2438 cognomen
1527 2351 1528 2400 t

268 2462 459 2544 ιΤ111111111111’,
491 2470 528 2527 ut
561 2462 731 2528 concedam
764 2463 851 2546 quod
883 2483 949 2526 non
976 2462 1217 2528 concedendum
1250 2467 1298 2525 est
1324 2460 1439 2526 Tibure

268 2577 376 2634 natam
400 2589 470 2636 esse
494 2568 673 2652 Cynthiam‚
697 2589 779 2654 quae
802 2570 887 2637 enim
906 2571 984 2636 haec
1003 2575 1051 2634 ost
1068 2569 1140 2634 laus
1158 2568 1211 2632 vel
1228 2569 1330 2652 gloria
1348 2567 1438 2651 puel-

268 2679 332 2742 lam
354 2677 469 2741 libure
493 2677 651 2761 sepultam
673 2678 708 2740 in
731 2677 841 2742 eadem
860 2675 938 2742 urbe
961 2681 1068 2742 natam
1093 2695 1224 2760 quoque
1246 2693 1326 2756 esse,
1348 2693 1438 2757 prae·
1527 2743 1528 2752 χ

270 2787 378 2853 sertim
408 2805 482 2851 cum
510 2784 629 2850 Romae
657 2790 713 2848 aut
739 2784 998 2868 perplurimum
1026 2789 1154 2870 tempus
1182 2787 1238 2846 aut
1266 2781 1322 2846 diu
1354 2785 1438 2844 certe

269 2894 399 2975 vixerit,
432 2913 507 2956 cum
534 2891 655 2955 Romae
686 2891 818 2973 gloriam
851 2890 910 2955 sibi
943 2890 1185 2974 comparaverit,
1218 2880 1291 2953 cum
1319 2886 1439 2952 Romae

140 2989 145 2996 ”
269 3000 426 3084 Propertii
451 3019 557 3064 amore
580 3005 612 3064 et
635 2997 828 3062 carminibus
845 2997 1016 3081 polluerit?
1052 2995 1250 3079 Municipem
1270 2994 1439 3076 Cynthium
1527 3053 1528 3064 q

270 3108 474 3190 interpolator
502 3107 618 3189 aliquis
645 3105 831 3170 Tiburtinus
860 3104 919 3168 sibi
947 3104 1108 3168 vindicare
1135 3103 1276 3166 voluisse
1302 3101 1438 3166 videtur.
1527 3105 1528 3144 l

271 3213 354 3277 Nam
373 3233 414 3276 ne
433 3211 548 3276 Mureti
568 3214 698 3295 quidem
722 3215 904 3278 coniectura
922 3233 940 3274 a
957 3209 1162 3275 Lachmanno
1180 3209 1311 3292 probata
1328 3208 1440 3292 placet,

147 3393 149 3399 ¹
270 3320 454 3384 tamenim
483 3318 578 3383 verba
605 3319 779 3385 ‘Tiburtina
801 3318 893 3384 terra'
916 3337 1048 3402 prorsus
1073 3318 1175 3380 otiosa
1198 3321 1282 3380 sunt
1328 3315 1439 3397 Sequi-

271 3432 323 3491 tur
350 3429 457 3490 ‘aurea
484 3425 639 3508 Cynthia’,
666 3425 780 3518 frigida
806 3425 877 3490 laus
905 3431 965 3501 est3
998 3425 1105 3488 ‘aurea
1132 3422 1223 3488 auus’
1253 3421 1328 3503 (Tib.
1356 3442 1385 3482 v.
1413 3421 1438 3484 I.

272 3535 301 3616 6,
326 3536 379 3614 58)
412 3533 603 3598 benevolum
634 3540 825 3618 gratumque
854 3537 963 3616 poetae
991 3531 1135 3594 animum
1164 3531 1292 3614 spirant,
1319 3546 1378 3592 nec
1405 3529 1440 3591 in
1527 3535 1528 3554 ¹

267 3641 398 3722 χρύσεος
431 3638 576 3713 πολιήτης
609 3640 658 3722 (cf.
691 3639 836 3704 Paleium
869 3639 908 3701 ad
940 3638 1027 3702 huno
1058 3639 1198 3718 versum)
1231 3642 1287 3700 aut
1312 3637 1440 3699 ‘aureus

272 3747 378 3812 nauta’
411 3753 467 3811 aut
493 3748 620 3811 ‘aureus
644 3745 815 3810 Homerus’
845 3744 1033 3809 offenderem
1063 3749 1174 3828 utpote
1207 3743 1246 3808 de
1279 3742 1439 3807 celeberri-

271 3857 333 3919 mis
361 3873 425 3918 non
452 3853 625 3917 infamibus
642 3855 719 3918 viris
754 3853 836 3915 dicta
860 3871 942 3934 quae
965 3856 1081 3916 essent.
1109 3849 1171 3914 Sed
1191 3849 1326 3930 Cynthia
1344 3869 1440 3914 aurea

272 3963 323 4026 vel
356 3981 426 4026 eam
455 3960 495 4024 ob
524 3981 651 4028 oausam
680 3959 822 4024 vocanda
849 3977 913 4022 non
944 3963 1078 4021 eratne
1106 3956 1290 4041 Propertius
1316 3956 1439 4042 puellae

273 4178 412 4261 quisque
436 4194 565 4239 auream
594 4172 764 4254 Cynthium
791 4174 934 4237 novisset
957 4173 984 4236 si
1006 4175 1098 4255 poeta
1124 4171 1251 4236 fecisset
1274 4171 1359 4255 quod
1386 4171 1440 4235 illa

272 4286 391 4369 optavit
414 4289 451 4348 ut
472 4283 589 4346 faceret
610 4300 662 4341 vv.
688 4280 727 4341 77
739 4299 785 4362 sq.

272 4071 342 4132 auri
369 4068 551 4152 cupidinem
580 4069 683 4151 ipsam
710 4066 910 4130 cavillantem
933 4064 1270 4148 fecisseiudioaretur.
1315 4063 1439 4140 Quotus
1527 4119 1528 4132 ,
