3074 4788
268 448 393 544 egregio
417 445 476 528 ΙΙΙ,
501 448 520 510 9
549 445 794 514 monumentum
818 446 926 529 posuit
948 445 1084 528 insigne,
1111 447 1196 510 certe
1219 461 1260 510 ne
1283 443 1448 528 Propertii
1517 447 1518 478 Ι

268 555 398 638 quidem
417 554 567 636 defuncti,
586 555 643 637 qui
659 555 730 621 iure
749 553 898 624 sodalieio
915 553 946 616 ei
964 552 1095 619 iunctus
1114 555 1188 633 erat,
1212 550 1328 620 oblinis
1346 559 1449 632 osset,

267 661 324 726 ssd
346 679 388 727 ne
411 681 530 727 nornen
553 661 683 744 quidem
702 659 857 744 Propertii
880 661 914 724 in
937 659 1004 724 ullo
1024 660 1183 727 Amorum
1206 657 1287 723 libro
1311 663 1448 742 apparet
1517 719 1518 760 ἦ

265 789 342 832 curn
355 774 462 834 tamen
476 771 510 832 in
524 770 665 832 carmine
679 767 705 848 Ι,
723 768 763 830 15
784 768 811 830 si
830 771 978 832 mortuus
995 766 1111 834 ruisset
1124 766 1286 850 praeteriri
1304 785 1367 828 non
1383 786 1447 849 po
1517 795 1518 816 r

267 876 392 957 inisset,
415 877 471 958 qui
489 880 523 938 in
539 895 590 938 vv.
603 876 731 940 25-32
752 879 905 944 vocantur
922 874 1042 946 mortni
1060 878 1162 953 eraut3
1184 873 1237 938 sed
1256 873 1290 938 in
1305 872 1446 956 Proper-

271 983 350 1047 tium
363 983 476 1048 cecidit
490 982 576 1066 quod
591 983 672 1049 dixit
685 1002 714 1042 v.
724 981 814 1046 Prist.
825 980 867 1044 ΙΙ.
883 980 947 1044 467
959 1001 1027 1066 sqq.
1044 1033 1050 1046 .
1066 1027 1072 1046 .
1089 981 1308 1063 .‘praestantia
1321 981 1447 1044 candor

427 1090 727 1156 nominativorum
751 1087 952 1154 dissimulare
974 1087 1082 1155 iubet’

268 1199 307 1262 lu
322 1199 400 1262 Arte
415 1204 521 1264 tamen
540 1195 724 1279 Propertius
742 1200 1009 1263 commemoratur
1026 1201 1064 1264 ut
1081 1200 1229 1265 mortuus
1247 1215 1277 1256 v.
1295 1193 1352 1258 Ill.
1371 1196 1446 1260 333
1517 1169 1518 1230 3

268 1303 319 1386 (cf.
343 1326 372 1367 u
392 1305 477 1385 339).
515 1303 598 1387 Ergo
617 1302 802 1386 Propertius
824 1309 974 1370 mortuus
996 1308 1046 1370 est
1067 1304 1151 1366 inter
1174 1301 1280 1366 Ovidii
1303 1302 1446 1366 Amores

266 1411 429 1480 absolutos
452 1411 592 1476 editosve
616 1415 647 1474 et
669 1410 782 1480 Artem
805 1411 987 1476 amatorium
1012 1409 1106 1476 scribi
1130 1414 1282 1494 coeptum,
1306 1409 1364 1474 hoc
1388 1416 1445 1473 est

267 1538 332 1583 nou
357 1519 412 1584 diu
434 1523 507 1602 post
530 1537 651 1583 annum
677 1517 739 1580 740
764 1521 926 1600 superstes
948 1517 1018 1596 fuit
1041 1516 1118 1600 quia
1139 1521 1212 1601 post
1228 1537 1352 1583 annum
1372 1518 1444 1583 738

265 1625 346 1688 nihil
374 1625 511 1690 edidisse
538 1623 672 1690 videtur.
724 1623 817 1700 Quod
843 1623 1016 1692 Teuffelius
1041 1623 1226 1708 pronuntiat
1254 1625 1294 1688 de
1322 1623 1443 1688 Ovidio

265 1735 300 1796 in
324 1733 395 1802 hist.
419 1733 476 1798 litt.
499 1731 591 1796 Rom.
616 1731 634 1812 ξ
655 1732 769 1796 aaut:
796 1732 896 1796 Unter
918 1732 1029 1796 seinon
1047 1730 1258 1815 Vorgingern
1281 1751 1347 1795 war
1367 1732 1442 1796 ihm

266 1839 322 1904 der
352 1838 462 1905 liebste
484 1839 589 1906 Tibull
623 1838 694 1922 (vgl.
719 1839 792 1905 Am.
820 1838 879 1904 III.
910 1839 949 1917 9.)
982 1859 1045 1905 von
1078 1838 1229 1905 welchem
1262 1859 1296 1906 er
1327 1839 1443 1924 hitulig

266 1947 376 2029 Stoffe,
408 1946 595 2028 Geranion,
626 1945 747 2028 Biton,
779 1945 994 2029 Wendungon
1026 1946 1094 2009 und
1109 1933 1233 2010 ‘Worte
1265 1947 1440 2012 entlshnte.

264 2053 336 2118 Hoc
359 2072 470 2118 vereor
492 2058 529 2118 ut
552 2053 762 2118 demonstrari
784 2053 893 2135 possit.
930 2051 1093 2137 Propertio
1118 2057 1276 2136 quantum
1299 2053 1440 2124 Ouidius

265 2159 378 2226 debeat
406 2160 548 2230 decimus
575 2160 640 2224 fere
669 2161 807 2243 quisque
835 2177 949 2224 versus
978 2159 1076 2226 docet.
1123 2159 1322 2244 Zingerleius
1344 2162 1440 2229 dnm-

266 2268 350 2334 diam
372 2267 437 2332 fere
460 2273 580 2351 partem
604 2286 716 2332 eorum
734 2285 888 2336 versuum
906 2267 940 2330 in
961 2266 1078 2350 quibus
1096 2268 1231 2352 vestigia
1248 2268 1440 2334 imitationis

266 2375 549 2458 deprehenduntur
571 2374 747 2441 certissima
770 2373 915 2457 conlegit.
952 2373 998 2438 Ut
1019 2395 1124 2449 uuum
1146 2376 1206 2440 hoc
1228 2375 1297 2440 loco
1322 2375 1438 2440 addam

266 2487 388 2548 certum
412 2488 460 2548 eet
482 2481 620 2565 ‘delapis'
644 2480 848 2546 scribendum
872 2499 941 2549 esse
963 2480 997 2542 in
1016 2501 1046 2543 v.
1066 2480 1122 2544 IV.
1148 2482 1199 2563 13,
1218 2483 1259 2546 58
1284 2483 1320 2546 cf.
1345 2482 1438 2548 Ovid.

265 2609 294 2650 v.
318 2609 365 2672 ep.
390 2608 430 2654 ex
454 2588 557 2655 Ponto
580 2587 640 2654 ΙΙΙ.
668 2589 696 2670 1,
720 2589 769 2650 52.

355 2695 465 2766 Potuit
482 2695 668 2780 Propertius
687 2701 760 2779 pest
779 2698 928 2780 quintum
952 2696 1068 2762 librum
1093 2698 1214 2772 editum
1240 2717 1364 2762 musam
1390 2699 1437 2763 di-

215 2889 217 2896 ?
265 2805 404 2886 mittere,
431 2802 531 2868 Roma
564 2803 713 2870 desedere
740 2804 952 2888 Asisiumque
978 2806 1013 2868 in
1040 2806 1172 2888 patriam
1201 2825 1292 2870 suam
1320 2809 1438 2870 reverti
1517 2837 1518 2868 i

265 2910 374 2994 ibique
403 2916 439 2976 ut
460 2909 689 2995 Hertnbergius
717 2912 851 2976 coniecit
877 2933 906 2996 p.
931 2912 972 2975 46
997 2931 1073 2978 suos
1096 2911 1192 2976 lares
1213 2931 1331 2996 ponere
1353 2933 1438 2978 uxo·

264 3037 398 3102 remque
434 3019 540 3082 denuo
577 3018 693 3084 ducere
724 3017 893 3102 filiumque
924 3019 1033 3084 tollere
1064 3040 1163 3084 avum
1194 3019 1247 3083 vel
1274 3039 1436 3103 proavum

263 3126 418 3190 Passenni
440 3125 546 3192 Paulli
568 3125 666 3190 Plinii
688 3126 781 3191 amici
799 3127 978 3192 Asisinatis.
1016 3125 1141 3202 Quibus
1166 3129 1192 3192 si
1215 3128 1364 3210 quamvis
1386 3130 1436 3192 in-

265 3233 441 3298 certissima
463 3234 527 3297 sint
549 3233 717 3301 adsentiris
743 3234 844 3298 Asisii
866 3239 1030 3300 mortuum
1059 3235 1286 3318 sepultumque
1309 3241 1434 3318 poetam

264 3359 335 3406 esse
357 3340 441 3404 inter
463 3359 563 3408 annos
589 3340 762 3404 rto-745
784 3341 850 3405 fere
873 3342 966 3423 dices.
1004 3341 1143 3406 Iuvenili
1166 3347 1267 3407 aetate
1288 3348 1435 3408 mortuus

266 3452 315 3512 est
338 3452 376 3510 ut
394 3446 537 3514 Catullus
555 3446 776 3531 Tibullusque,
799 3448 886 3514 solus
906 3447 1041 3512 Ovidius
1060 3468 1101 3514 ex
1125 3449 1176 3514 his
1198 3451 1299 3532 poetis
1317 3450 1435 3534 elegia·

265 3555 311 3618 cis
341 3553 477 3618 Veneris
510 3554 638 3620 servitio
676 3555 761 3638 tiupi
799 3574 905 3620 amore
942 3576 1006 3620 nou
1038 3556 1157 3624 fractus
1188 3556 1293 3642 (Prop.
1322 3579 1352 3621 v.
1377 3559 1433 3625 IV.
1517 3599 1518 3616 i

266 3662 318 3743 21,
342 3663 395 3742 33)
420 3661 528 3728 decem
550 3661 652 3726 lustra
674 3663 843 3745 superavit.
859 3700 901 3708 -

352 3767 462 3834 Restat
484 3774 521 3835 ut
544 3768 582 3835 de
604 3767 758 3832 librorum
782 3769 892 3834 ordine
916 3789 998 3852 quae
1021 3771 1100 3838 mihi
1122 3771 1233 3837 videor
1258 3775 1433 3856 repperisse

263 3895 446 3959 proponam.
484 3873 640 3950 Quattuor
663 3877 840 3940 carminum
864 3876 936 3941 libri
959 3877 1065 3944 traditi
1088 3883 1172 3944 sunt.
1207 3877 1432 3946 bethmannus

263 3984 388 4066 primus
415 3982 551 4050 alterum
578 3982 697 4048 librum
724 3984 758 4046 in
787 3983 868 4048 duos
891 3982 988 4048 libros
1012 3985 1151 4066 diremit3
1180 4006 1199 4050 a
1227 3988 1367 4052 carmine
1393 3989 1432 4052 10
1517 3969 1518 3990 ¹

263 4109 385 4154 novum
399 4089 520 4154 librum
533 4091 673 4174 incipere
691 4091 795 4172 iussit,
812 4092 920 4174 itaque
939 4111 956 4156 e
975 4097 1127 4175 quattuor
1146 4096 1202 4177 qui
1216 4099 1289 4158 ante
1302 4094 1434 4160 luenrnt

266 4198 409 4280 quinque
429 4199 604 4262 carminum
625 4197 782 4280 Propertii
801 4196 898 4264 libros
917 4199 1020 4264 effecit
1037 4201 1069 4264 in
1090 4201 1227 4267 editione
1246 4219 1329 4266 anno
1348 4203 1430 4266 1816

264 4302 390 4386 Lipsiae
421 4304 549 4388 prolata.
601 4301 719 4368 Omnes
751 4304 822 4370 fore·
847 4305 982 4373 editores
1013 4305 1217 4373 Lachmanno
1249 4309 1431 4395 adstipulati
