3074 4788
741 247 961 312 —78-
1507 317 1508 382 ,

264 429 377 492 sunere
399 428 470 492 libri
490 430 588 492 umus
607 448 659 492 me
678 429 841 513 quondam
866 446 995 492 servum
1012 429 1142 492 Amoris
1164 427 1264 490 brisso
1286 425 1448 490 testetur’.

264 535 353 599 Num
363 536 417 599 ille
426 537 555 599 unicam
565 555 713 620 pompam
725 555 789 619 qua
798 537 1025 619 unusquisque
1035 553 1164 600 cernere
1172 539 1288 619 posset,
1299 540 1449 618 quantus
1507 573 1508 578 κ

265 647 297 706 et
307 643 411 725 qualis
426 643 475 704 vir
488 641 611 726 fuisset,
631 648 826 726 quantopere
835 644 935 706 unius
945 644 1075 706 Amoris
1086 661 1198 706 servus
1213 641 1333 723 brisset,
1352 643 1448 704 bunc

266 748 369 812 solum
381 750 672 832 semperindefessa
681 755 747 814 arte
756 749 952 832 celebrasset,
962 769 1042 814 num
1057 749 1110 814 ille
1119 751 1261 812 maxima
1271 749 1352 812 dona
1361 747 1449 810 Pro-

266 855 1449 941 serpinaeofferendaquibuspraeceterisomnibuspraooelleret,t1esquas
1507 905 1508 908 ,

264 963 341 1028 libet
350 964 482 1046 chartas,
496 964 557 1027 tria
566 964 618 1028 rel
627 983 730 1047 pauca
739 963 900 1047 quaelibet
909 965 1049 1027 carmina
1060 983 1077 1028 e
1090 963 1214 1027 schedis
1226 963 1294 1026 suis
1306 963 1449 1046 eripien-

266 1072 304 1134 da
314 1090 384 1136 esse
393 1071 516 1135 voluit?
528 1069 592 1135 Cur
602 1073 630 1134 si
640 1073 781 1134 carmina
789 1071 930 1155 intellegi
939 1071 1041 1134 voluit
1050 1089 1115 1134 non
1126 1071 1207 1134 dixit
1216 1069 1317 1133 velut:
1330 1070 1448 1132 ..ftria

266 1180 293 1241 si
312 1179 376 1241 sint
395 1179 535 1242 carmina
553 1178 689 1262 pompe',
711 1197 752 1241 an
771 1194 928 1262 papyrum
949 1178 998 1241 vel
1017 1179 1142 1241 chartas
1160 1196 1197 1241 ea
1217 1195 1299 1260 quae
1322 1176 1448 1260 elegias
1507 1199 1508 1240 l

266 1287 463 1350 continerent
485 1286 589 1348 voluit
610 1303 761 1369 pompam
781 1303 850 1348 esse
869 1303 933 1348 non
951 1287 1037 1368 ipsas
1056 1284 1173 1369 elegias
1194 1286 1282 1368 ipsos
1303 1283 1448 1346 versus?
1507 1255 1508 1296 ¹

265 1392 353 1457 Num
377 1413 526 1476 pompam
551 1413 648 1476 quam
676 1396 769 1476 poeta
793 1393 916 1474 cupivit
942 1394 1083 1455 carmina
1111 1392 1289 1456 effecissent
1311 1392 1345 1452 in
1370 1392 1447 1473 qui·

266 1501 325 1563 bus
350 1499 387 1563 de
410 1499 506 1564 rebus
529 1499 567 1562 ab
590 1519 698 1563 amore
721 1518 852 1583 prorsus
875 1497 988 1562 alienis
1009 1498 1170 1583 agebatur,
1194 1505 1249 1562 ant
1271 1498 1309 1561 de
1332 1517 1446 1560 amore
1507 1531 1508 1548 κ

265 1606 484 1670 infelicissimo
518 1606 570 1670 vel
603 1607 642 1671 de
673 1608 808 1671 aliorum
841 1606 970 1670 amore?
1023 1605 1114 1671 Certe
1146 1625 1211 1671 non
1243 1605 1347 1668 multa
1374 1623 1446 1667 car·
1507 1683 1508 1694 ,

184 1735 188 1738 ·
267 1715 355 1777 mina
378 1715 515 1797 reperies
539 1733 678 1797 quorum
698 1715 759 1777 tria
781 1713 832 1777 vel
854 1718 892 1776 ut
915 1714 1045 1798 Voigtio
1067 1714 1170 1797 placet
1191 1731 1293 1796 pauca
1320 1715 1447 1794 specta·
1507 1727 1508 1740 ³

265 1827 349 1884 tores
372 1826 404 1884 et
426 1813 648 1905 Proserpinam
674 1822 809 1884 doceant
832 1825 973 1904 quantus
995 1821 1047 1884 hic
1069 1822 1104 1883 in
1128 1837 1234 1884 amore
1256 1821 1348 1902 poeta
1370 1817 1446 1882 fue-

265 1929 313 2009 rit,
333 1929 393 1991 hoo
413 1935 449 1992 ut
468 1947 640 2011 cognoscas
663 1930 771 1992 omnia
789 1946 872 2011 quae
890 1927 1078 2011 Propertius
1097 1927 1222 2010 scripsit
1242 1927 1445 2008 inspicienda
1507 1933 1508 1936 ’

266 2040 349 2098 sunt.
394 2035 508 2098 Tribus
536 2035 730 2098 carminibus
757 2055 821 2098 non
852 2035 926 2117 plus
959 2036 1155 2118 apparuisset
1188 2051 1284 2116 quam
1312 2038 1445 2116 poetam
1507 2113 1508 2124 ,

265 2140 369 2204 efferri
396 2151 568 2205 mortuum.
617 2142 708 2207 Siout
734 2144 955 2225 imperatorem
978 2143 1097 2226 gloriae
1127 2141 1282 2224 insignia,
1313 2139 1445 2203 tabulae

265 2249 423 2311 victarum
453 2249 598 2331 urbium,
629 2250 774 2334 propriae
803 2251 928 2313 virtutis
957 2247 1118 2334 praeclara
1146 2249 1251 2332 signa,
1282 2267 1347 2311 non
1372 2248 1443 2310 sola
1507 2319 1508 2324 ἵ

163 2339 166 2346 ’
264 2356 442 2438 imaginum
461 2356 555 2440 longa
573 2359 670 2421 series
689 2359 723 2420 in
742 2357 853 2421 funere
877 2356 1166 2440 consequebantur,
1183 2356 1236 2418 ita·
1247 2352 1352 2417 omnia
1372 2373 1442 2416 car·

264 2461 353 2524 mina
376 2463 533 2546 quicquid·
555 2465 682 2548 scripsit
704 2464 798 2528 laude
822 2464 955 2548 dignum
978 2470 1103 2547 poetam
1128 2463 1185 2546 qui
1210 2458 1277 2524 sola
1298 2460 1399 2544 gloria
1424 2481 1444 2524 a

267 2586 301 2631 se
330 2569 399 2651 ipso
426 2575 514 2652 parta
535 2571 655 2653 gaudet
677 2573 770 2654 sequi
794 2571 893 2653 decet,
915 2591 980 2634 non
1005 2577 1069 2635 tres
1092 2569 1253 2654 quoslibet
1275 2567 1400 2632 libellos
1424 2588 1444 2632 e

265 2677 370 2738 triviis
395 2677 444 2760 vel
467 2693 484 2740 e
508 2677 646 2740 tabernis
669 2679 836 2742 conlectos.
884 2677 1025 2742 Certiorri
1043 2682 1147 2762 potest
1164 2677 1291 2740 Horatii
1310 2693 1443 2740 carmen

266 2781 326 2846 III.
352 2784 410 2846 30:
434 2783 545 2868 ‘Exegi
568 2791 814 2850 monumentum
840 2803 910 2850 aere
933 2783 1115 2869 perennius'
1140 2791 1197 2849 etc.
1242 2785 1318 2849 Tres
1341 2784 1443 2848 libelli

266 2894 343 2953 sunt
374 2890 532 2975 Propertii
563 2911 679 2976 pompa
701 2898 733 2957 et
754 2899 1001 2958 monumentum
1034 2911 1104 2956 aere
1136 2890 1327 2975 perennius,
1358 2911 1442 2954 num

264 3015 342 3060 vero
370 2999 430 3060 tria
457 3000 597 3062 carmina
625 3001 863 3083 qualiacunque
892 3006 923 3064 et
953 2999 1237 3083 quantulacunque
1265 3004 1355 3080 sunt,
1378 2997 1442 3062 Ro-

264 3123 358 3167 mano
383 3104 572 3169 Callimacho
595 3105 780 3171 sufficiunt?
826 3107 910 3191 Ergo
929 3123 981 3170 me
999 3107 1107 3170 iudice
1128 3113 1213 3170 recte
1236 3111 1300 3170 tres
1324 3106 1441 3190 elegia·
1507 3159 1508 3172 ,

264 3231 338 3274 rum
361 3210 459 3275 libros
481 3213 698 3298 intellegimus
716 3233 775 3278 nec
795 3215 973 3298 scripsisset
991 3215 1064 3278 ‘tres
1081 3211 1189 3276 libelli'
1213 3214 1275 3276 nisi
1294 3214 1359 3276 iam
1378 3217 1440 3276 ter-
1507 3207 1508 3270 l

264 3320 346 3384 tium
369 3318 487 3382 librum
511 3320 647 3385 scribere
670 3322 832 3405 coepisset,
855 3341 920 3385 uon
938 3326 1023 3386 recte
1045 3319 1218 3384 Paldamus
1235 3322 1269 3383 in
1290 3320 1440 3384 editionis

265 3425 457 3508 praefatione
480 3447 509 3510 p.
534 3428 577 3489 24
604 3429 637 3490 in
662 3427 758 3491 altero
788 3427 868 3491 libro
898 3427 1063 3492 scribendo
1092 3433 1282 3511 occupatum
1311 3433 1438 3510 poetam

267 3533 345 3597 haec
374 3532 510 3598 scribere
537 3537 680 3617 potuisse
708 3537 868 3619 opinatur,
900 3540 1023 3619 poterat
1049 3539 1156 3598 amen
1183 3535 1218 3596 in
1241 3535 1334 3598 tertio
1358 3533 1439 3596 libro

269 3639 434 3705 scribendo
454 3646 629 3725 occupatus
648 3659 717 3706 esse
735 3643 833 3706 altero
851 3642 930 3705 libro
949 3642 1092 3706 nondum
1107 3641 1250 3704 absoluto
1269 3645 1326 3704 aut
1344 3641 1439 3704 edito.

267 3746 452 3811 Confirmari
474 3749 602 3812 videtur
623 3747 820 3812 Lachmanni
842 3755 1068 3833 argumentum
1091 3749 1154 3812 alia
1175 3767 1219 3812 rc.
1264 3749 1333 3812 Aut
1351 3750 1438 3832 pror·

266 3875 322 3919 sus
344 3855 436 3918 fallor
459 3861 515 3920 ant
537 3859 679 3921 carmine
699 3857 737 3917 11
758 3855 832 3920 finis
855 3857 985 3921 alterius
1009 3856 1081 3920 libri
1105 3859 1250 3920 servatus
1274 3861 1331 3919 est.
1366 3855 1439 3919 Oar-

264 3961 406 4027 minibus
431 3964 449 4025 5
474 3968 506 4027 et
529 3963 549 4025 6
571 3969 663 4048 poeta
690 3965 802 4048 incipit
823 3963 949 4046 puellae
972 3964 1080 4044 irasci,
1095 3965 1156 4026 ira
1178 3963 1292 4026 crescit
1313 3964 1349 4026 in
1372 3981 1438 4026 car-

264 4069 407 4134 minibus
431 4072 450 4133 8
474 4077 506 4134 et
530 4072 558 4152 9,
587 4071 715 4136 tandem
749 4091 823 4134 cum
855 4071 963 4134 videat
993 4071 1111 4134 frustra
1143 4071 1249 4132 omnin
1280 4072 1438 4154 temptari,

266 4175 435 4257 Cynthiam
455 4197 518 4240 non
537 4180 669 4258 moveri,
688 4177 818 4243 dimittit
835 4177 986 4260 perfidam
1005 4177 1152 4260 puellam.
1184 4175 1224 4244 In
1243 4176 1438 4240 carminibus

267 4284 396 4346 12-15
425 4301 513 4346 amor
540 4284 782 4348 ardentissimus
812 4284 1016 4348 felicissimus
1047 4283 1214 4347 revertisse
1246 4283 1438 4347 iudicandus
1507 4343 1508 4384 ,
