3074 4788
636 243 831 332 -'7-

149 449 228 531 quin
251 449 286 512 in
309 448 371 512 alio
396 448 503 532 aliquo
531 449 735 533 grammatico
759 450 918 514 invenerit
940 469 1002 513 non
1029 450 1146 514 dubito.
1186 453 1215 514 A
1239 470 1316 534 pau-

147 555 284 620 cissimis
310 556 408 640 igitur
435 562 508 640 post
534 558 675 641 primum
699 557 863 622 saeculum
888 557 1044 640 Propertii
1068 559 1209 622 carmina
1233 577 1316 642 quae

146 662 327 746 legerentur
359 662 455 746 digna
485 664 624 729 iudicata
656 683 739 735 esse.
758 670 893 748 apparet.
948 663 1026 728 Post
1057 669 1208 747 quartum
1240 685 1316 730 vero

148 769 312 834 1111111111
331 789 425 836 nemo
445 791 485 836 ne
502 773 701 852 grammatici
721 770 850 854 quidem
870 789 998 854 operam
1012 773 1041 835 ei
1056 770 1219 835 sedeunt.
1247 772 1317 836 Iam

148 893 222 940 vero
245 875 436 943 Huschkius
463 879 586 963 primus
614 877 662 961 (in
689 877 836 962 ‘epistula
863 878 971 941 critica
993 878 1027 941 in
1050 877 1254 962 Propertium
1278 880 1317 950 ad

145 981 181 1046 L.
205 1001 268 1046 van
291 981 420 1050 Santen'
443 988 546 1051 Amet.
573 987 657 1050 1792
687 1005 716 1068 p.
740 985 781 1048 37
794 986 874 1067 sqq.)
904 985 1037 1068 vestigia
1060 983 1245 1050 Ruhnkenii
1268 1006 1316 1052 se-

148 1095 242 1154 cutus
277 1089 325 1172 (ci.
355 1093 499 1158 eiusdem
527 1113 575 1178 ep.
604 1093 669 1156 ortt.
699 1092 723 1154 1.
752 1113 782 1175 p.
811 1091 852 1154 40
865 1093 943 1174 sqq.)
977 1091 1140 1156 contendit
1167 1092 1315 1158 Paullum

146 1197 362 1262 Silentiarium
386 1201 443 1283 qui
460 1200 632 1265 Iustiniani
650 1205 791 1283 tempore
809 1197 957 1280 Byzantii
980 1199 1068 1262 varia
1091 1200 1231 1263 carmina
1254 1200 1316 1265 ele·

131 1305 244 1388 'giaea
271 1305 408 1388 plurima
431 1308 656 1392 epigrammata
679 1307 872 1391 composuit,
895 1305 1099 1390 Propertium
1123 1325 1188 1370 non
1211 1306 1316 1370 solum

146 1413 275 1477 novisse
303 1413 358 1477 sed
397 1413 494 1478 etiam
525 1414 678 1479 imitando
711 1415 912 1497 expressisse.
964 1413 1105 1478 Coniecit
1135 1413 1197 1477 hoc
1226 1413 1316 1497 plau·

149 1517 241 1584 dente
260 1520 390 1603 quidem
407 1519 615 1606 HertzbergIo
640 1525 705 1605 (qu.
723 1520 775 1586 Pr,
795 1541 823 1604 p.
844 1522 918 1602 230)
938 1520 1130 1598 assentiente
1147 1519 1316 1586 Duebnero

147 1622 258 1706 (Anth.
282 1626 348 1690 Pal.
371 1627 396 1690 Ι.
420 1629 453 1691 in
478 1628 583 1693 adnot.
608 1628 647 1692 ad
671 1649 695 1692 e.
716 1628 849 1708 11215)
873 1626 908 1692 L.
932 1627 1085 1692 Muellero
1110 1647 1240 1711 quoque
1262 1628 1316 1691 ad-

74 1721 77 1730 ’
150 1733 322 1816 stipulante
345 1735 450 1820 (prael.
474 1737 632 1822 111114),
654 1736 788 1800 coniecit
810 1734 870 1798 hoe
892 1740 1000 1799 tamen
1021 1753 1056 1799 re
1078 1753 1153 1798 vera
1174 1735 1317 1820 ingenio·

147 1840 216 1903 sius
244 1860 341 1924 quam
369 1844 486 1909 verius.
531 1843 594 1908 Per
621 1863 655 1908 se
683 1863 796 1927 parum
824 1841 984 1926 probabile
1012 1848 1061 1907 est
1088 1849 1215 1926 poetam
1242 1843 1317 1908 inde

147 1967 166 2009 a
189 1947 300 2030 quinto
311 1950 451 2016 saeculo
474 1951 508 2012 in
528 1949 619 2014 Italia
636 1952 782 2034 ignotum
801 1949 933 2014 fortasse
951 1955 1077 2034 propter
1096 1949 1316 2015 obscuriorem

147 2073 325 2119 sermonem
353 2077 372 2120 a
401 2057 511 2121 multis
538 2058 729 2142 neglectum,
755 2077 774 2121 a
802 2055 930 2122 Graecis
957 2056 1106 2138 Byzantii
1138 2057 1316 2122 lectitatum

148 2180 226 2244 esse,
250 2162 369 2246 quibus
389 2164 426 2251 in
450 2165 575 2229 eroticis
593 2164 690 2229 rebus
710 2165 763 2228 alii
781 2163 885 2228 fontes
904 2169 1027 2248 praesto
1047 2169 1137 2228 erant
1154 2164 1315 2229 uberrimi.

148 2268 269 2333 Verum
293 2271 399 2355 agitur
421 2273 590 2356 praecipue
614 2271 651 2336 de
675 2270 868 2336 carminibus
892 2270 945 2336 Sil.
965 2270 1031 2334 VII
1048 2276 1081 2335 et
1097 2270 1173 2334 XII.
1194 2270 1317 2352 (Iacobs

147 2376 232 2440 anth.
260 2397 306 2461 gr.
334 2377 390 2442 IV.
414 2400 444 2463 p.
467 2381 510 2442 43
521 2399 590 2464 sqq.
614 2377 778 2444 Dnebneri
805 2379 830 2442 I.
849 2379 887 2444 V.
913 2379 991 2461 255,
1020 2379 1096 2458 275)
1121 2377 1240 2461 quibus
1262 2379 1316 2444 ille

146 2483 302 2568 Propertii
326 2485 441 2570 elegias
463 2485 488 2549 I.
515 2487 555 2550 13
579 2493 610 2551 et
633 2486 657 2548 Ι.
683 2489 701 2550 3
724 2487 867 2574 imitatus
891 2505 961 2550 esse
984 2485 1130 2571 creditur.
1170 2484 1239 2550 Iam
1258 2488 1315 2570 qui

147 2609 189 2654 ex
211 2591 297 2655 illius
322 2594 461 2658 carmine
479 2594 510 2656 V
529 2598 560 2658 et
581 2594 736 2678 Agathiae
756 2594 895 2658 carmine
913 2591 995 2657 VIII
1014 2591 1139 2674 (Iacobs
1156 2591 1212 2656 IV.
1232 2614 1260 2677 p.
1282 2594 1313 2673 6)

147 2699 326 2763 coniunctis
345 2719 465 2765 novum
485 2719 612 2765 (11111111
631 2699 790 2783 conflabit,
809 2701 836 2764 si
854 2720 918 2764 non
936 2701 1045 2783 ipsum
1063 2719 1190 2764 carmen
1210 2699 1315 2764 Paulli

147 2803 387 2888 duodecimum,
415 2808 612 2872 simillimum
647 2814 753 2872 1111111
785 2807 906 2871 efficiet.
960 2807 1000 2870 ln
1027 2807 1090 2871 illis
1117 2826 1192 2871 vero
1220 2825 1314 2871 nemo

146 2912 317 2996 hueusque
340 2914 526 2980 imitationis
544 2916 715 3000 vestigium
736 2913 949 2999 deprehendit.
986 2913 1140 2978 Eiusdem
1159 2914 1314 2997 Agathiae

147 3039 222 3084 cum
245 3021 306 3086 alia
327 3023 447 3106 passim
470 3023 609 3086 carmina
627 3027 697 3087 tum
715 3023 750 3084 in
769 3022 907 3086 carmine
925 3019 1076 3084 XXVIII
1094 3021 1314 3104 componendo

146 3127 353 3193 undecimum
386 3133 458 3194 ante
491 3128 600 3193 oeulos
632 3127 752 3192 habult.
807 3128 959 3212 Agathias
991 3129 1075 3192 vixit
1105 3127 1203 3192 Suida
1235 3131 1314 3192 teste

146 3232 251 3304 Paulli
274 3235 430 3320 aequalis:
456 3233 638 3316 συνήκμασε
661 3233 692 3296 δὲ
715 3235 832 3311 Παύλῳ
855 3237 896 3312 τῷ
910 3237 1109 3318 Σιλεντιαρίῳ
1131 3233 1187 3295 καὶ
1205 3237 1313 3296 Μακε-

146 3337 236 3416 torto
262 3346 304 3418 τῷ
328 3341 435 3418 ὑπάτῳ
464 3341 519 3403 καὶ
549 3346 759 3425 Τριβουνιανῷ
784 3341 833 3404 ἐπὶ
861 3346 922 3404 τῶν
942 3345 1162 3404 Ἰουστινιανοῦ
1184 3341 1314 3424 χρόνων.

145 3447 252 3513 Amici
274 3449 321 3514 illi
343 3449 483 3515 1111111.
528 3450 683 3534 Agathias
705 3469 781 3515 vero
805 3471 968 3535 nusquam
991 3469 1009 3516 e
1031 3449 1196 3534 Propertio
1226 3450 1314 3533 quio-

146 3575 245 3638 quam
268 3557 457 3642 desumpsit;
482 3558 520 3621 de
539 3555 717 3622 Silentiario
740 3563 846 3622 tamen
869 3557 1053 3622 Ruhnkenii
1075 3555 1193 3620 iudicia
1215 3554 1312 3640 probo

148 3663 204 3745 qui
227 3683 275 3748 ep.
300 3683 340 3728 er.
364 3686 393 3750 p.
418 3667 460 3728 44
484 3665 560 3728 dicit
583 3665 738 3748 quicquid
759 3665 824 3730 fere
847 3666 964 3748 egregii
982 3663 1095 3728 habeat
1113 3662 1314 3728 Silentiarius

146 3769 185 3832 ab
215 3770 448 3854 antiquioribus
476 3773 753 3856 epigrammatum.
770 3771 977 3856 scriptoribus
1006 3789 1081 3835 eum
1109 3770 1254 3834 hausisse
1282 3775 1314 3834 et

146 3897 175 3960 p.
195 3877 237 3940 40
260 3898 327 3943 non
350 3879 484 3964 dignum
507 3899 582 3944 eum
606 3898 675 3944 esse
698 3878 793 3943 laude
817 3897 899 3962 quae
922 3878 1041 3961 passim
1065 3877 1104 3941 de
1127 3895 1163 3940 eo
1186 3875 1312 3940 feratur.

145 3983 214 4048 Neo
235 3985 280 4049 ita
298 3987 496 4076 mnltasnnt
514 4006 597 4070 quae
615 3987 798 4050 communia
816 3984 934 4050 habent
952 3984 1109 4068 Propertii
1127 3981 1312 4048 silentiarii-

148 4111 211 4176 que
229 4093 361 4178 elegiae:
385 4099 489 4160 amata
512 4095 636 4177 dormit,
658 4098 778 4158 amator
801 4097 934 4156 conatur
957 4091 1052 4173 adire,
1075 4096 1178 4156 amata
1201 4109 1312 4174 exper-

145 4199 222 4284 gefit
249 4206 280 4265 et
311 4202 456 4285 querelas
484 4202 605 4266 emittit.
651 4202 849 4285 Argumenta
877 4199 992 4264 similia
1020 4204 1108 4280 sunt,
1134 4197 1312 4262 locutiones

146 4313 177 4373 et
191 4307 287 4372 verba
302 4309 525 4374 diversissima.
548 4307 694 4373 Fortasse
707 4307 760 4372 ille
774 4327 825 4370 vv.
843 4307 893 4389 21,
909 4310 983 4390 3sq.
1000 4306 1102 4389 (Prop.
1115 4304 1136 4368 l.
1154 4306 1184 4388 3,
1200 4304 1240 4368 19
1252 4306 1310 4388 sq.)
