3074 4788
588 313 808 378 ..qq-

109 496 353 580 religiosissime
386 495 565 559 cavendum
598 499 673 576 erat,
705 513 747 558 ne
770 494 852 558 alius
885 511 973 556 amor
1001 493 1209 557 antecessisse
1241 493 1289 555 vi·

110 603 255 684 deretur,
287 608 356 666 tum
379 618 431 663 vv.
457 601 497 663 21
514 621 584 686 sqq.
607 608 673 665 tam
702 601 912 684 suspiciosam
941 605 1082 665 mentem
1115 600 1290 666 ostendunt

111 710 242 794 qualem
265 705 357 793 poeta
379 707 483 791 prime
506 725 613 772 amore
636 727 655 772 a
678 707 817 789 Cynthia
838 707 976 792 benigne
999 712 1126 791 recepto
1150 726 1210 772 nec
1233 708 1288 771 ha·

110 817 186 881 buit
207 833 267 881 nec
290 818 318 880 si
342 814 514 880 habuisset·
533 833 600 880 unc
627 814 725 879 verbe
755 815 960 897 ostendisset,
993 815 1061 879 sola
1088 813 1207 899 gaudia
1231 833 1289 878 sua

110 929 201 1008 grate
226 924 332 988 animo
353 923 579 1006 descripsisset.
621 921 710 986 Haec
728 928 839 986 cenna
856 920 1135 1006 Eschenburgium
1159 940 1289 1005 quoque

112 1031 197 1094 dicta
232 1049 303 1094 esse
334 1029 445 1110 velim,
483 1031 540 1113 qui
572 1030 633 1092 hoc
666 1047 793 1093 carmen
822 1029 860 1093 de
887 1031 990 1112 prima
1016 1035 1088 1113 post
1119 1029 1288 1093 discidium

111 1144 206 1202 nocte
237 1141 348 1222 poetae
376 1137 448 1201 data
479 1156 498 1199 a
530 1135 667 1217 Cynthia
702 1138 927 1221 interpretatis
963 1137 1016 1200 lib.
1049 1138 1138 1201 misc.
1172 1155 1201 1220 p.
1237 1136 1286 1199 96.

111 1243 162 1310 De
197 1245 399 1308 matrimonio
437 1244 578 1328 legitimo
614 1244 676 1307 hcc
712 1261 840 1308 cumen
882 1245 1073 1328 interpretor
1109 1243 1158 1324 (cf.
1191 1239 1287 1306 Diltb.

113 1353 153 1416 de
178 1351 252 1415 Gall.
276 1350 353 1432 (lyd.
373 1371 402 1434 p.
424 1349 488 1431 98).
533 1349 618 1434 Ergo
641 1355 734 1434 poeta
758 1357 814 1415 aut
832 1356 870 1415 ut
887 1349 1057 1432 cynthiam
1081 1355 1196 1415 terreat
1215 1350 1288 1414 sibi·

113 1479 179 1542 que
206 1458 389 1523 reconciliet
415 1459 557 1520 minatur
585 1475 619 1520 se
646 1457 739 1520 alium
767 1457 906 1542 puellam
939 1463 1120 1522 amaturum
1153 1477 1289 1542 eamque

113 1566 309 1630 matrimonii
331 1565 424 1629 firmo
448 1564 581 1628 vinculo
604 1563 665 1627 sibi
696 1566 884 1629 iunctorum
908 1583 991 1648 esse,
1024 1565 1111 1649 quod
1135 1565 1163 1629 si
1186 1567 1289 1630 consi

112 1672 194 1736 lium
218 1674 252 1736 in
275 1673 334 1736 hcc
358 1673 498 1736 carmine
522 1669 687 1735 scribendo
712 1677 843 1736 secutus
866 1677 951 1736 esset
974 1671 1153 1736 cavendum
1174 1672 1290 1739 fuisset

112 1798 155 1843 ne
177 1781 211 1842 in
235 1800 263 1841 v.
288 1778 344 1842 IV.
370 1780 421 1861 211,
442 1781 461 1842 3

273 1886 428 1970 ‘quinque
450 1885 508 1950 tibi
531 1887 623 1970 potui
646 1887 765 1950 servire
787 1885 922 1951 fideliter
945 1886 1056 1951 annos’

112 1997 220 2076 aperte
250 1993 518 2078 impudenterque
555 1995 699 2056 omnium
728 1997 802 2056 ante
830 1994 940 2058 oculos
963 1996 1091 2058 mentiri
1118 1995 1289 2074 videreuu,

112 2099 183 2182 (aut
201 2117 328 2164 carmen
353 2098 410 2164 20b
432 2119 497 2164 nen
526 2101 694 2182 edendum,
722 2107 778 2165 aut
804 2119 908 2165 meras
930 2103 1035 2166 minas
1053 2101 1152 2166 fuisse
1171 2101 1288 2166 clarius

111 2207 321 2271 indicandum
348 2207 476 2292 fuisset)
497 2213 553 2272 aut
576 2207 713 2290 Cynthia
736 2227 776 2272 ne
800 2209 946 2293 coniugis
970 2210 1155 2274 austeritate
1178 2217 1288 2273 cenna

111 2330 257 2378 rumores
280 2320 401 2379 careret
424 2317 587 2380 consensit
612 2321 724 2399 poetae
752 2314 887 2398 nubere,
909 2320 980 2379 tum
1002 2321 1096 2400 poeta
1123 2316 1162 2380 de
1184 2318 1287 2400 primo

112 2427 182 2484 toro
210 2421 244 2484 in
268 2439 327 2486 sua
349 2422 443 2487 domo
466 2422 591 2504 futuro,
613 2429 645 2488 et
667 2423 706 2486 de
729 2441 813 2485 novo
838 2441 945 2486 amere
971 2443 1140 2507 nunquam
1163 2423 1289 2488 abitrue

113 2527 203 2611 loqui
226 2529 370 2612 potuisse
393 2531 471 2593 mibi
495 2529 625 2612 quidem
648 2529 776 2593 videtur
797 2534 829 2594 et
854 2530 1002 2594 ‘domina'
1029 2531 1063 2594 in
1082 2552 1111 2597 v.
1132 2532 1174 2594 29
1191 2532 1288 2596 inter-

112 2634 310 2718 pretabimur
330 2638 467 2720 ‘semper
486 2636 648 2700 dominam
666 2636 808 2720 aliquam
832 2642 925 2717 amet,
956 2657 1123 2721 nunquam
1150 2638 1288 2704 fenestra

112 2744 183 2806 eius
205 2741 253 2806 illi
274 2742 399 2828 pateat’.
444 2743 484 2807 In
507 2745 568 2808 boc
591 2744 723 2808 consilio
747 2741 884 2824 Cynthia
911 2749 1019 2808 tamen
1047 2763 1112 2808 non
1134 2747 1286 2829 perstitit;

112 2851 147 2912 in
171 2852 310 2915 carmine
333 2849 389 2914 IV.
414 2852 455 2914 23
484 2851 621 2916 seiuncti
649 2850 804 2932 habitant,
836 2870 903 2915 non
930 2851 1024 2935 lengo
1047 2857 1190 2936 tempore
1217 2859 1288 2935 post

112 2961 204 3039 poeta
226 2957 378 3040 perfidam
401 2959 542 3042 puellam
567 2959 695 3023 dimisit.
742 2957 810 3022 Nec
828 2963 935 3022 tamen
954 2976 992 3022 6ο
1009 2959 1120 3023 minus
1143 2959 1286 3043 legitimo

112 3065 315 3128 matrimonio
339 3083 393 3128 ees
419 3071 530 3149 postea
551 3085 609 3150 per
636 3065 766 3148 aliquod
798 3071 926 3149 tempus
953 3067 1141 3130 coniunctos
1164 3068 1287 3131 vixisse

112 3171 308 3235 carminibus
332 3171 371 3233 V.
398 3172 414 3233 1
436 3174 505 3236 et8
530 3173 612 3238 effici
635 3173 713 3236 mihi
735 3169 870 3236 videtur.
915 3171 1061 3236 Primum
1084 3172 1181 3237 verba
1203 3171 1286 3238 ‘lecti

112 3278 227 3363 frigida
249 3297 347 3363 regna
369 3279 442 3344 mei'
465 3279 652 3344 familiarem
685 3281 860 3344 amantium
894 3280 1159 3346 consuetudinem
1182 3287 1286 3346 osten·

113 3386 203 3450 dunt.
249 3383 373 3450 Deinde
395 3388 423 3451 si
445 3405 497 3449 vv.
521 3389 561 3450 21
578 3408 625 3472 sq.

272 3493 415 3558 ‘foederis
438 3495 500 3558 heu
525 3496 613 3558 taciti
636 3495 731 3559 cuius
753 3493 877 3558 fallacia
899 3494 997 3560 verba

340 3621 405 3666 non
428 3599 569 3666 audituri
589 3601 748 3685 diripuere
770 3601 860 3683 noti’,

112 3713 239 3773 tantum
261 3707 356 3771 modo
380 3713 457 3772 sunt
479 3709 674 3793 periphrasis
697 3727 808 3773 eorum
838 3727 920 3792 quae
948 3708 1149 3791 antecedunt,
1171 3711 1284 3774 transi-

112 3821 249 3898 tumque
266 3821 378 3898 purant
396 3817 436 3880 ed
459 3835 496 3880 ea
520 3833 602 3900 quae
626 3822 787 3899 secuntum,
809 3816 860 3881 ‘at'
883 3818 918 3880 in
935 3834 1032 3880 versu
1056 3817 1097 3878 23
1120 3815 1195 3880 ferri
1218 3835 1283 3880 non

112 3927 226 4005 potest,
252 3929 308 3985 aut
329 3922 425 3986 ‘nam’
449 3927 505 3986 aut
527 3923 651 3988 nullam
672 3924 859 4008 purticnlam
883 3928 1134 4007 expectaremus.
1185 3922 1285 3988 Recte

112 4027 347 4093 Luatiohannes
380 4027 508 4111 (comm.
541 4029 632 4115 Prop.
660 4051 691 4116 p.
715 4033 770 4111 41)
796 4033 830 4094 in
864 4030 925 4094 boc
956 4029 1113 4095 vocabulo
1146 4031 1286 4114 offendit,

112 4135 231 4199 frustra
253 4135 404 4220 Vcigtius
433 4137 485 4218 (de
508 4143 621 4220 quarto
648 4137 699 4202 Pr.
728 4137 807 4201 libro
830 4159 859 4222 p.
884 4137 926 4202 86
946 4141 1027 4221 sqq.)
1059 4138 1179 4203 nubem
1210 4140 1286 4203 alie-

113 4261 228 4308 ncmm
252 4261 409 4308 versuum
428 4246 640 4328 congregarit.
685 4243 817 4309 Defendi
836 4250 941 4328 potest
958 4251 991 4309 et
1008 4248 1110 4310 teneri
1132 4247 1286 4329 particula

112 4350 163 4414 ‘at’
186 4352 216 4414 si
238 4370 289 4418 vr.
314 4353 354 4414 21
367 4369 413 4434 sq.
436 4369 558 4416 novum
586 4352 723 4434 addunt,
749 4353 903 4416 nimirum
932 4353 1173 4416 matrimonium
1196 4351 1285 4416 brevi

1088 4457 1125 4511 5*
