3074 4788
753 287 971 350 „62-

278 466 371 528 tisaet
387 467 422 528 in
441 484 555 528 amora.
593 463 678 527 Iram
698 485 794 548 quam
809 466 864 529 ille
881 484 959 528 voce
978 467 1121 528 emittere
1141 484 1206 528 non
1221 465 1326 547 audet,
1344 465 1456 548 puella

278 589 388 656 parare
409 589 476 633 non
498 576 632 654 poterat,
654 572 717 635 nisi
739 577 833 655 poeta
854 574 919 636 iam
942 577 1035 636 antea
1058 571 1218 636 admissus
1240 571 1364 654 puellae
1388 591 1457 636 ser-

278 680 368 762 vivit,
386 685 456 742 tum
475 678 547 742 leve
566 677 606 740 ob
624 682 791 761 peccatum
809 681 948 744 reiectus
965 680 1000 742 in
1018 680 1126 743 omnia
1147 674 1283 762 neglecti
1302 680 1455 742 amatoris

279 786 434 870 supplicia
456 787 550 848 irruit
567 804 627 848 nec
645 791 751 848 tamen
771 804 807 849 ee
827 787 935 850 minus
954 787 1093 870 quodam
1116 786 1209 850 modo
1234 784 1296 848 sub
1317 786 1454 868 immuto

277 893 429 976 pristinae
462 892 610 955 dominas
642 913 738 976 quam
770 911 877 957 amare
900 913 966 958 non
990 893 1083 958 desiit
1114 894 1251 974 mansit,
1281 894 1315 955 in
1338 893 1455 955 timore

278 1005 309 1063 et
332 1018 437 1062 amore
461 1019 519 1062 suo
542 1005 672 1063 suetum
696 1000 862 1063 servitium
885 1019 926 1064 ne
953 999 1111 1064 abiectum
1141 999 1271 1082 quidem
1293 1001 1362 1082 ipse
1387 999 1454 1062 abi·

277 1124 349 1170 cere
379 1126 447 1169 non
476 1108 589 1190 potuit
634 1105 819 1170 Knauthius
853 1107 929 1171 dicit
959 1109 994 1170 in
1027 1107 1101 1170 diss.
1135 1125 1194 1170 sua
1226 1105 1368 1187 (Quaest.
1399 1105 1452 1170 Pr.

277 1213 370 1277 Helie
396 1213 493 1293 1868)
516 1235 545 1296 p.
572 1215 627 1277 12:
650 1216 725 1297 ‘quo
750 1216 835 1278 enim
858 1216 930 1298 iure
951 1234 1028 1279 eum
1051 1216 1108 1298 qui
1135 1213 1255 1297 perlida
1278 1213 1451 1294 Cynthium

278 1321 474 1384 destituisset
510 1321 590 1384 iram
630 1324 745 1386 iactare
777 1323 921 1405 potuisse
962 1321 1167 1405 putabimus?
1221 1320 1336 1384 Nonne
1373 1340 1451 1384 vero

276 1429 383 1511 potius
407 1429 437 1492 ei
460 1428 488 1490 si
511 1427 549 1490 ad
573 1447 684 1510 pacem
707 1428 810 1491 redire
833 1428 958 1492 volebat
980 1434 1018 1492 ut
1037 1429 1166 1512 quddam
1191 1429 1398 1492 vehementer
1416 1447 1452 1491 se

277 1555 393 1619 cupene
426 1535 502 1598 dicit
534 1532 671 1620 (944)
703 1536 796 1598 venia
823 1537 945 1617 peccati
970 1537 1107 1620 petenda
1144 1535 1241 1600 erati’
1286 1534 1451 1599 Nimirum

276 1649 382 1726 poeta,
405 1661 602 1726 quamquam
627 1661 661 1705 se
683 1643 865 1725 peccavisse
896 1663 963 1706 nou
990 1645 1119 1727 negavit
1144 1663 1196 1706 vv.
1221 1643 1247 1706 Ι.
1268 1643 1359 1724 1,35
1380 1662 1450 1724 sqq.

276 1755 383 1813 tamen
415 1751 507 1832 parvi
539 1750 599 1813 hoe
629 1754 797 1833 peccatum
828 1751 1008 1814 aestimavit
1039 1751 1121 1814 hanc
1152 1770 1289 1840 poenam
1317 1750 1450 1814 minime

281 1857 437 1920 memisse
466 1856 527 1920 sibi
560 1857 727 1922 videbatur
759 1856 807 1936 (ci.
833 1877 865 1920 ι.
893 1856 952 1920 Ill
981 1859 1039 1939 20,
1066 1860 1129 1938 34).
1179 1857 1278 1922 Poeta
1304 1855 1451 1921 efferbuit

186 2027 191 2035 ,
278 1964 365 2046 quod
396 1965 513 2028 macher
541 1984 624 2048 quae
650 1967 720 2048 ipsa
748 1963 863 2028 cotidie
894 1972 1038 2047 peccaret
1065 1984 1141 2028 eum
1165 1966 1223 2047 qui
1252 1963 1350 2028 semel
1373 1981 1450 2046 neg·

276 2070 435 2154 legontius
462 2073 582 2136 amicae
611 2073 730 2136 servire
757 2073 849 2134 visus
872 2077 956 2136 essct
984 2078 1087 2136 castae
1115 2077 1293 2154 matronae,
1321 2089 1450 2134 severae

276 2197 404 2242 morum
431 2180 614 2262 magistrae,
644 2196 718 2261 prae
746 2196 780 2241 se
802 2177 906 2241 ferens
935 2168 1073 2263 speciem
1101 2181 1152 2244 his
1181 2179 1348 2264 suppliciis
1375 2177 1450 2240 affe

277 2287 379 2349 uisset.
424 2283 572 2368 Denique
595 2306 646 2347 vv.
672 2287 713 2348 35
737 2305 807 2369 sqq.
837 2292 930 2370 poeta
956 2287 1033 2351 haec
1061 2288 1150 2351 dicit:
1179 2288 1299 2350 ‘meum
1326 2285 1449 2348 malum

277 2392 394 2473 vitate’,
416 2393 476 2455 hoc
494 2398 555 2456 est:
581 2398 689 2456 cavete
711 2412 753 2457 ne
775 2393 900 2457 felicem
922 2413 1064 2458 amorem
1087 2401 1124 2458 ut
1147 2413 1205 2478 ego
1227 2393 1287 2457 feci
1310 2392 1448 2475 perdatis

277 2503 344 2563 sive
364 2503 491 2582 peccato
511 2501 578 2562 sive
599 2500 748 2584 superbia
766 2503 834 2564 sive
851 2501 976 2565 incuria
995 2502 1063 2565 sive
1082 2501 1142 2566 alia
1159 2503 1266 2565 nescio
1291 2520 1353 2583 qua
1371 2517 1448 2580 neg-

275 2606 430 2689 legentia,
468 2607 529 2669 hoe
559 2608 593 2669 in
626 2608 731 2670 medio
764 2608 976 2690 relinquatur,
1003 2609 1102 2673 nolite
1134 2609 1266 2673 adsueto
1301 2625 1447 2689 unquam

275 2731 383 2776 amore
415 2711 521 2776 locum
554 2719 693 2793 mutare;
727 2716 777 2778 siu
800 2714 955 2795 Cynthiae
987 2735 1078 2779 amor
1100 2717 1130 2780 ei
1153 2721 1265 2780 suetus
1295 2720 1376 2794 erat,
1406 2713 1447 2776 de

275 2826 390 2883 mutuo
414 2821 564 2883 concordi
586 2840 693 2885 amore
715 2823 883 2904 praeterito
907 2822 940 2884 hi
968 2841 1084 2886 versus
1110 2822 1337 2906 interpretandi
1360 2826 1445 2884 sunt.

276 2925 361 3002 Quid
392 2927 519 2991 tandem
547 2928 609 2992 sibi
636 2929 703 2992 volt
725 2930 787 2992 hoc
815 2930 954 3012 primum
982 2931 1130 2994 cannen?
1176 2931 1230 2992 An
1257 2929 1382 3012 scripsit
1410 2934 1447 2991 ut

275 3035 353 3098 alios
371 3039 499 3098 moneat
516 3036 606 3098 utin
624 3055 690 3099 uno
710 3055 815 3099 amore
834 3038 982 3119 quamvis
1003 3037 1123 3102 inielin=
1136 3038 1178 3100 sit
1197 3036 1256 3100 sibi
1279 3035 1445 3100 constent?

275 3142 357 3206 Tum
379 3144 448 3226 ipse
471 3161 546 3225 prae
568 3142 701 3225 reliquis
724 3143 785 3206 sibi
809 3143 1010 3206 accusandus
1033 3150 1100 3208 arat
1122 3163 1182 3208 nec
1211 3142 1346 3226 querula
1367 3161 1445 3206 voce

277 3249 494 3312 adiciendum:
519 3251 602 3313 ‘cum
627 3255 735 3314 nmen
757 3250 908 3314 adversos
932 3270 1028 3334 cogor
1049 3249 1165 3314 habere
1189 3250 1282 3315 deos'.
1328 3249 1362 3314 Si
1384 3251 1445 3313 hoc

274 3375 402 3419 carmen
425 3357 566 3438 primum
588 3355 650 3420 fuit
674 3357 760 3440 quod
782 3363 875 3441 poeta
897 3359 1038 3441 scripsit,
1064 3377 1195 3440 prorsus
1223 3377 1290 3422 uon
1318 3363 1445 3441 apparet

273 3483 331 3526 cur
354 3464 414 3526 hoc
437 3482 565 3526 carmen
598 3463 744 3547 ediderit,
776 3466 896 3530 sivero
918 3466 1132 3549 peccatieum
1154 3464 1346 3548 paenitebat:
1371 3483 1444 3528 oon-

274 3570 425 3633 donarem
444 3571 471 3633 si
490 3569 693 3635 submisisset
711 3590 839 3636 carmen
859 3592 923 3655 quo
943 3572 1069 3636 mndem
1088 3573 1268 3636 immeritus
1286 3570 1327 3634 ab
1344 3571 1443 3636 amica

273 3681 419 3760 receptus
451 3678 567 3760 gaudia
594 3697 654 3742 sua
681 3679 904 3762 expressisset,
934 3685 972 3743 ut
997 3678 1072 3742 fecit
1097 3677 1137 3761 (c.
1166 3679 1292 3745 11le
1325 3683 1357 3741 et
1380 3678 1444 3764 15),

273 3783 477 3867 puellamque
499 3790 589 3865 grato
613 3786 720 3848 auimo
743 3786 892 3850 laudibus
916 3786 1093 3868 extulisset,
1116 3787 1172 3850 sed
1199 3788 1235 3850 in
1262 3787 1359 3850 altero
1378 3803 1442 3848 car-

272 3893 359 3954 mine
381 3892 484 3974 pergit
507 3893 697 3955 stomachari
725 3899 757 3956 et
785 3895 890 3976 queri,
916 3894 950 3956 in
978 3894 1071 3957 tertio
1099 3913 1164 3957 non
1191 3894 1333 3958 multum
1356 3890 1443 3958 abest

273 4000 353 4081 quin
380 4001 450 4082 ipse
479 3998 637 4082 superbus
666 3999 830 4083 perfidiam
863 4020 955 4066 suam
982 4002 1084 4064 iactet
1130 4000 1274 4064 Haecine
1304 4000 1442 4064 earmina
1521 3983 1522 3994 ¹

274 4107 400 4188 scripsit
422 4111 454 4170 et
477 4105 576 4168 edidit
597 4126 672 4170 eum
701 4126 783 4169 novo
813 4108 944 4171 discidio
974 4113 1042 4171 orto
1066 4109 1172 4190 puella
1193 4109 1312 4172 iterum
1334 4087 1447 4172 recens

273 4213 409 4276 cilianda
435 4213 517 4276 fuit?
564 4212 599 4276 Si
627 4213 766 4296 denique
798 4215 1047 4280 consideraveris
1078 4221 1178 4279 artem
1206 4235 1271 4299 qua
1303 4215 1441 4278 carmina

272 4321 366 4401 primi
389 4319 460 4382 libri
483 4320 566 4382 inter
584 4339 619 4382 se
638 4321 759 4404 digesta
781 4322 855 4399 sint,
876 4324 1018 4386 carmina
1039 4324 1067 4404 l,
1090 4324 1121 4405 o,
1145 4324 1196 4405 14,
1219 4325 1260 4386 22
1279 4322 1370 4388 Tirllo
1389 4324 1441 4386 ad-
