3074 4788
744 299 1082 361 -41-·

267 477 330 540 Tib.
358 477 400 540 ΙΙ.
429 478 458 557 6,
482 479 542 557 42,
571 478 621 542 Ρ1.
645 477 700 540 IV.
727 479 778 557 20,
809 479 857 558 10,
884 475 950 540 Tib.
974 476 1028 540 IV.
1055 479 1084 558 3,
1108 478 1163 555 14ς
1193 475 1243 540 Pr.
1262 477 1311 540 Δ11.
1340 479 1371 559 4,
1402 479 1446 540 72

268 583 379 668 (probo
406 586 526 668 ‘pectus
555 584 684 670 aperta')
711 584 775 647 Tib.
805 584 829 648 I.
860 585 889 665 6,
920 586 973 663 18;
1003 581 1444 668 repudiantem.

268 694 298 768 4,
323 693 378 772 58;
402 691 453 754 Ρ1.
477 693 515 754 V.
549 693 578 775 6,
607 694 635 770 5,
658 691 723 756 Tib.
747 691 772 754 1.
795 693 822 753 1.
844 693 900 770 533
928 691 980 754 Pr.
1000 691 1039 753 V.
1060 692 1090 774 6,
1110 690 1242 772 31111.
1263 689 1321 772 IV,
1340 694 1369 774 2,
1390 695 1445 754 22.

269 799 355 883 Ergo
384 805 422 863 ut
448 800 619 864 concedam
648 799 803 882 quaedam
828 797 882 861 alii
915 800 1036 862 auctori
1069 798 1240 880 utriusque
1270 799 1351 862 fonti
1382 799 1447 862 alia

268 909 357 970 casui
385 906 506 988 deberi,
538 907 571 968 in
600 906 747 990 plurimis
771 925 851 989 quos
879 905 1003 989 conlegi
1030 903 1177 968 versibus
1207 905 1343 968 imitatio
1375 926 1446 968 non

268 1014 397 1078 fortuita
434 1013 680 1096 deprehenditur
717 1018 813 1096 atque
851 1031 945 1096 saepe
982 1011 1166 1096 Propertius
1192 1009 1355 1075 Tibullum
1387 1013 1446 1075 ali-
1520 1005 1521 1040 r

272 1121 421 1203 quotiens
451 1120 582 1184 fortasse
615 1120 667 1183 bic
698 1120 790 1182 illum
822 1119 976 1184 imitando
1008 1120 1174 1203 expressit.
1224 1117 1447 1183 Diversissimi
1520 1105 1521 1162 3

271 1229 456 1311 ceteroquin
479 1229 513 1290 hi
535 1233 646 1311 poetae
668 1233 758 1290 eraut
780 1227 886 1290 animo
910 1233 942 1292 et
963 1227 1099 1311 ingenie.
1140 1225 1286 1290 Tibullus
1308 1227 1447 1290 11111111
1520 1241 1521 1300 1

267 1334 454 1418 fraudisque
481 1351 595 1418 expers
624 1335 678 1418 pia
705 1335 858 1419 religione
887 1334 963 1398 deos
990 1333 1097 1398 nolens
1129 1335 1245 1398 amoris
1272 1339 1304 1398 et
1330 1334 1447 1398 rustici

268 1442 322 1504 otii
351 1429 516 1507 studiosus
544 1461 610 1505 non
638 1446 727 1504 totus
755 1446 861 1504 tamen
892 1462 909 1504 a
937 1440 1062 1504 Venere
1090 1441 1221 1504 vinctus
1242 1441 1364 1504 nemini
1388 1441 1447 1504 ob-
1520 1513 1521 1518 1

267 1549 432 1632 meetabet,
460 1568 519 1614 nec
547 1549 730 1632 peregrinos
760 1549 828 1612 suis
856 1547 979 1611 civibus
1003 1552 1109 1630 aperte
1132 1552 1324 1631 anteponere
1347 1549 1447 1612 aude-
1520 1581 1521 1584 ¹

269 1654 335 1735 bat;
364 1675 478 1721 verum
501 1656 687 1739 Propertius
717 1655 849 1718 deorum
876 1655 1112 1738 hominumque
1138 1653 1250 1718 irrisor
1278 1660 1327 1719 est
1349 1663 1448 1739 poeta
1520 1701 1521 1710 1

272 1763 429 1846 superbus
449 1763 589 1826 Graecus
609 1764 710 1846 magis
729 1781 825 1845 quam
844 1761 1020 1844 Romanus
1043 1763 1100 1846 qui
1118 1749 1240 1826 turbam
1266 1763 1447 1828 amicorum

268 1871 369 1933 invita
387 1869 532 1934 Minerva
552 1888 667 1934 versus
691 1870 898 1934 scribentium
922 1872 1025 1954 ipsius
1047 1875 1221 1935 sectatores
1245 1889 1310 1932 non
1333 1871 1447 1934 minus
1520 1881 1521 1952 j

270 1997 366 2059 quam
387 1977 508 2041 sodales
527 1983 564 2042 ut
583 1975 752 2040 Ponticum
772 1975 910 2041 Rassum
934 1978 1012 2041 alios
1034 1977 1114 2041 11111
1137 1997 1205 2041 non
1225 1983 1361 2058 recusat,
1386 1979 1445 2060 qui
1520 1977 1521 2008 ³

267 2091 374 2148 tamen
393 2085 507 2148 rivales
526 2089 636 2168 poetas
655 2101 765 2148 secum
786 2085 823 2148 de
841 2085 1023 2169 principatu
1036 2087 1070 2147 in
1086 2084 1223 2168 elegiaca
1239 2090 1305 2147 arte
1319 2086 1446 2168 poetica

268 2195 424 2255 certantes
445 2192 514 2256 odit
541 2209 661 2274 eosque
685 2211 703 2253 a
727 2209 761 2254 se
785 2192 903 2275 despici
928 2192 1066 2274 simulat,
1093 2210 1168 2255 oum
1192 2210 1285 2254 suam
1307 2192 1444 2274 gloriam

269 2317 333 2380 qua
355 2299 502 2382 princeps
525 2300 559 2361 in
583 2299 684 2382 elegia
707 2299 749 2362 sit
772 2300 899 2382 saepius
919 2298 1022 2362 debito
1041 2299 1142 2362 iactet.
1179 2297 1360 2380 Diligenter
1376 2317 1445 2360 car-
1520 2331 1521 2392 q

268 2405 355 2468 mina
377 2404 493 2469 Tibulli
515 2406 668 2470 lectitavit
691 2425 750 2470 uec
772 2425 917 2488 unquam
939 2405 1072 2470 fortasse
1095 2405 1229 2489 vestigia
1259 2405 1329 2468 eius
1356 2420 1445 2488 pres·
1520 2451 1521 2496 3

270 2513 365 2575 sisset
388 2512 415 2575 si
439 2513 511 2577 odio
531 2514 609 2577 alter
627 2513 762 2577 alterum
781 2517 970 2596 persecutus
989 2518 1082 2578 esset.
1119 2511 1290 2598 Superbiop
1308 2512 1445 2576 fortasse

272 2637 349 2682 suae
371 2618 490 2702 gloriae
514 2620 772 2684 obtrectationem
790 2620 907 2684 timens
925 2621 960 2685 in
979 2619 1174 2686 carminibus
1195 2620 1263 2686 suis
1283 2619 1322 2683 de
1341 2621 1444 2682 amico
1520 2665 1521 2692 ,

269 2731 359 2790 tacet.
404 2725 547 2790 Tibullus
571 2747 637 2792 non
660 2727 826 2790 removit'
866 2727 1008 2793 'tutorem
1032 2727 1180 2792 amioum.

357 2832 431 2896 Non
458 2839 565 2898 tamen
593 2834 686 2898 amici
713 2833 867 2898 Horatius
895 2839 926 2910 et
948 2833 1135 2919 Propertius
1161 2833 1260 2900 inisse
1283 2833 1444 2900 videntur.

269 2939 318 3004 Ne
351 2940 383 3002 hi
418 2941 548 3024 quidem
581 2942 659 3006 alter
691 2941 826 3006 alterum
860 2946 1121 3019 commemorant
1155 2946 1260 3006 tamen
1293 2945 1324 3008 et
1355 2941 1444 3024 inge·

270 3048 323 3109 nio
352 3053 442 3111 erant
470 3048 676 3114 diversissimi
704 3053 735 3112 et
767 3047 1013 3112 diversissimam
1042 3052 1141 3114 amem
1169 3048 1320 3121 colebant
1375 3047 1445 3114 Nec

270 3154 425 3218 Horatius
462 3174 503 3218 ex
540 3154 697 3239 Propertii
734 3159 800 3218 arte
837 3155 960 3218 ludenti
997 3160 1092 3238 atque
1127 3155 1162 3216 in
1193 3154 1358 3218 vilissimis
1394 3174 1444 3218 re-

269 3261 330 3326 bus
362 3261 535 3325 dummodo
568 3282 608 3328 ne
642 3265 705 3326 sint
737 3261 774 3325 ab
801 3245 913 3326 'amore
946 3261 1080 3343 alienae,
1115 3266 1152 3326 ut
1183 3261 1237 3325 ille
1269 3263 1338 3345 ipse
1369 3281 1443 3344 pro-

268 3369 377 3432 fitetur
399 3368 447 3448 (cf.
471 3369 513 3432 Il.
540 3372 555 3434 1,
583 3370 717 3452 exord),
751 3369 863 3451 effusa,
896 3389 937 3434 ex
967 3369 1033 3432 solo
1061 3369 1126 3432 fere
1158 3387 1265 3432 amore
1293 3367 1443 3432 alimenta

270 3475 328 3539 sibi
356 3475 566 3559 depromenti,
590 3497 741 3561 magnum
765 3477 918 3560 gaudium
942 3477 1103 3560 percipere
1125 3481 1260 3559 poterat,
1283 3495 1342 3540 nee
1365 3475 1443 3539 Pro-

269 3583 397 3666 pertius,
415 3603 456 3646 ex
477 3583 603 3647 Horatii
625 3583 800 3668 grandibus
826 3584 906 3648 velis
928 3584 1044 3664 lyricis.
1090 3583 1139 3647 Ne
1168 3601 1347 3647 sermonem
1372 3582 1443 3665 qui-

270 3690 342 3753 dem
375 3689 531 3773 Propertii
563 3690 614 3753 hic
645 3690 710 3754 illic
742 3691 952 3774 asperrimum
985 3689 1271 3773 durissimumque,
1304 3688 1443 3753 obsoleta

270 3798 363 3861 novis
390 3799 505 3878 mixta,
532 3797 675 3860 Romana
699 3797 827 3861 Graecis
849 3797 990 3881 perfusa,
1017 3794 1151 3860 Horatio
1174 3797 1332 3881 placuisse
1354 3801 1442 3879 puto.

269 3904 338 3966 lam
370 3924 447 3968 vero
468 3904 637 3968 Herebum
671 3911 703 3968 et
729 3905 932 3988 Propertium
960 3923 994 3968 re
1021 3923 1097 3968 vera
1123 3905 1207 3968 inter
1234 3923 1269 3968 se
1295 3903 1443 3968 inimicos

269 4011 369 4076 fuisse
391 4011 552 4075 Asconius
575 4009 735 4075 Pedianus
759 4017 795 4074 ut
823 4011 949 4076 videtur
976 4011 1103 4075 tradidit
1131 4009 1169 4076 de
1192 4011 1335 4094 Vergilio
1363 4011 1443 4073 haec
1520 4063 1521 4080 1

269 4139 402 4182 nameus
420 4115 522 4199 (Reiff.
536 4138 565 4201 p.
582 4117 650 4198 66):
675 4119 785 4200 ‘quare
803 4137 937 4183 coaevos
956 4138 1067 4183 omnes
1085 4124 1194 4202 poetas
1212 4120 1255 4182 ita
1273 4117 1442 4182 adiunctos

269 4225 380 4290 babuit
407 4233 444 4291 ut
471 4247 544 4291 curn
568 4227 651 4289 inter
674 4245 708 4290 se
731 4224 906 4308 plurimum
930 4227 1051 4290 invidia
1073 4227 1233 4308 arderent,
1259 4225 1351 4290 illurn
1374 4244 1441 4288 una

270 4353 380 4401 omnes
399 4336 540 4400 colerent
558 4333 677 4397 Varius
694 4331 798 4396 Tucca
821 4332 973 4397 Horatius
993 4331 1105 4397 Gallus
1127 4332 1330 4417 Propertius?
1368 4333 1441 4396 ‘Va-
