3074 4788
567 299 785 362 -37..

80 483 174 545 riret.
222 479 332 544 Gallus
355 480 453 563 igitur
475 484 523 542 001
547 478 642 544 homo
667 472 832 561 superbior
862 497 958 560 quarn
988 478 1180 560 prudentior,
1205 479 1261 560 qui

80 607 158 653 non
181 592 272 652 cavet
293 606 334 650 110
357 584 493 650 ludibrio
516 585 580 667 fiat,
604 586 659 669 qni
683 583 841 668 Propertii
869 584 950 648 iram
975 583 1129 664 Cynthiae
1153 603 1261 648 amore

81 695 246 759 excitasse
268 692 403 758 videtur
447 691 522 755 Non
545 710 675 774 prorsus
699 691 851 756 absimilis
874 696 923 755 est
945 690 1032 754 illius
1057 690 1140 754 Calli
1163 710 1259 774 quem

81 801 235 866 Catullus
263 802 402 865 carmine
424 798 610 864 LXXVHI.
634 798 789 883 perfricat.
839 797 926 861 Talia
953 817 1017 861 non
1046 798 1259 881 quaesiverim

80 911 120 971 in
146 908 238 972 Aeho
263 907 352 972 Gallo
374 907 514 990 Aegypti
546 906 701 989 praefecto
733 906 865 970 fortasse
893 904 1048 988 Propertii
1080 905 1181 968 amico
1211 905 1258 985 (01.

80 1035 109 1078 0.
138 1014 193 1080 IV.
216 1016 275 1096 12),
299 1031 395 1096 quem
420 1017 504 1076 certe
526 1016 598 1096 post
620 1012 778 1076 infelicem
801 1013 834 1075 in
854 1011 1006 1076 Arabiam
1025 1011 1258 1096 expeditionem

80 1123 250 1206 exagitare
272 1121 465 1205 perrexisset
487 1121 619 1204 (poterat
641 1121 674 1182 in
699 1121 836 1184 carmine
860 1119 897 1181 V.
924 1120 952 1202 1,
977 1119 1015 1181 71
1042 1139 1109 1202 sqq.
1134 1123 1165 1182 et
1192 1136 1258 1182 sae·

78 1231 181 1316 pius).
218 1229 295 1293 Post
317 1229 457 1311 primum
480 1226 597 1290 hbrnm
622 1229 777 1311 scriptum
800 1232 881 1291 tacet
903 1231 996 1310 poeta
1019 1226 1057 1291 de
1078 1226 1167 1290 Gallo
1191 1226 1258 1289 sive

78 1337 278 1402 Maecenatis
297 1336 398 1420 gratia
421 1335 489 1398 sive
513 1336 619 1399 nescio
639 1355 704 1418 qua
722 1334 783 1397 aha
802 1353 905 1398 causa.
943 1333 976 1398 si
995 1333 1131 1398 similem
1151 1333 1257 1396 virum

79 1445 215 1528 quaeris
246 1441 343 1507 habes
375 1443 470 1506 etiam
492 1441 644 1504 Asinium
669 1440 796 1504 Gallum
824 1439 979 1505 Pollionis
1011 1439 1126 1522 filium,
1160 1459 1256 1525 quem

77 1553 256 1635 Augustus
280 1549 356 1614 dicit
377 1550 468 1633 regni
490 1548 622 1613 avidum
646 1548 701 1613 sed
725 1549 880 1613 minorem
903 1548 1029 1612 111Το0.
1054 1550 1139 1610 Ann.
1158 1546 1183 1609 1.
1207 1548 1256 1629 13,

79 1659 143 1742 qui
165 1657 289 1722 liberio
313 1656 501 1721 adulaturus
534 1674 599 1718 non
631 1655 788 1740 intellegit
821 1675 884 1739 quo
917 1655 969 1721 ille
998 1656 1106 1720 tendat
1128 1655 1162 1718 in
1185 1653 1254 1718 Tac.

77 1753 169 1827 Ann.
193 1762 218 1825 Ι.
245 1765 295 1846 12,
323 1782 420 1847 quem
441 1760 585 1828 Tiberius
612 1763 792 1827 adulterum
815 1768 909 1826 vocat
935 1764 970 1826 in
997 1762 1066 1827 Tac.
1091 1764 1176 1826 Ann.
1200 1759 1255 1824 Vl.

79 1872 136 1951 25,
161 1871 218 1954 qui
247 1876 352 1954 aperte
375 1868 519 1934 Drusum
548 1891 645 1934 suurn
673 1889 738 1934 non
760 1869 875 1934 Tiberii
901 1870 1003 1934 filium
1033 1889 1103 1934 0000
1131 1869 1255 1952 profite-

76 1977 177 2066 batur
199 1982 279 2042 teste
301 1976 448 2043 11101100.
470 1977 520 2059 57,
541 1979 568 2040 2.
601 1977 664 2041 Hic
687 1983 793 2041 tamen
817 1983 912 2042 natus
937 1998 1020 2043 anno
1035 1979 1119 2060 713,
1142 1978 1254 2040 trium·

77 2085 133 2147 vir
161 2085 329 2149 monetalis
357 2104 440 2149 anno
467 2085 540 2166 737,
562 2086 676 2149 consul
705 2103 788 2148 anno
814 2085 887 2168 746,
916 2105 980 2169 quo
1008 2091 1150 2169 tempore
1178 2084 1254 2148 Pro-

77 2193 204 2275 pertius
237 2193 376 2276 primum
409 2191 527 2255 librum
560 2194 685 2276 scripsit
718 2193 774 2254 vix
806 2193 949 2275 potuisse
981 2191 1162 2256 censendus
1195 2193 1255 2256 erit

76 2305 224 2362 ‘noscere
247 2299 363 2363 amoris
386 2299 462 2363 iter'.

170 2404 243 2470 Non
267 2407 399 2470 certiora
422 2406 460 2470 de
483 2407 616 2491 reliquis
639 2413 750 2491 poetae
774 2407 935 2472 sodalibus
958 2409 1157 2492 pronuntiari
1180 2427 1252 2493 pos-

77 2517 167 2577 sunt.
218 2511 356 2577 Bassum
384 2519 509 2598 poetam
538 2515 677 2579 carmine
699 2514 724 2577 I.
748 2517 769 2577 4
793 2516 984 2600 adloquitur.
1034 2515 1171 2579 Videtur
1198 2517 1252 2581 ille

75 2619 275 2704 poematium
291 2619 454 2704 Propertio
473 2623 600 2686 misisse
620 2642 683 2706 quo
702 2623 852 2706 pulchras
870 2624 1017 2688 heroicas
1041 2622 1252 2688 celebraverat

49 2768 51 2773 -
76 2725 186 2790 simile
208 2725 340 2791 Hesiodi
363 2725 458 2791 Eoeis
485 2732 516 2792 et
543 2727 677 2792 Pontani
705 2729 743 2792 de
770 2729 917 2794 neidibus
946 2751 964 2793 a
991 2731 1105 2811 satyris
1138 2733 1251 2796 amatis

76 2833 229 2916 carmini,
258 2833 294 2897 of.
324 2833 414 2898 Ovid.
439 2853 479 2898 ex
508 2833 599 2900 Pont.
624 2855 670 2920 ep.
695 2835 751 2898 IV.
778 2836 818 2898 16
841 2857 871 2901 v.
896 2838 946 2899 35.
996 2835 1094 2900 Poeta
1120 2857 1250 2922 respon·

76 2941 160 3005 dens
184 2942 291 3005 iocose
322 2946 432 3006 monet
464 2961 504 3006 ne
537 2943 599 3007 iras
629 2941 782 3024 Cynthiae
809 2943 985 3008 invidiosae
1014 2946 1139 3008 excitet.
1186 2945 1249 3010 Hic

74 3047 203 3112 Bassus
236 3054 340 3132 potest
371 3046 456 3113 idem
489 3069 559 3114 0000
592 3070 688 3134 quem
721 3050 857 3115 Ovidius
883 3071 913 3113 v.
936 3049 1026 3115 Trist.
1050 3051 1105 3113 IV.
1132 3053 1183 3135 10,
1206 3054 1247 3116 47

76 3154 193 3220 iambis
217 3155 337 3220 clarum
362 3162 468 3239 vocat,
490 3157 534 3221 ita
557 3163 594 3221 nt
616 3156 738 3222 Bassus
763 3159 845 3222 sicut
868 3157 1041 3223 Montanus
1065 3160 1193 3243 paribus
1218 3168 1249 3226 01

74 3263 255 3346 imparibus
279 3264 422 3328 numeris
450 3265 576 3348 gemino
601 3266 739 3329 carmine
762 3284 879 3330 nomen
908 3264 1058 3331 habuisse
1081 3274 1249 3334 censeatur

75 3370 113 3433 cf.
142 3369 198 3434 Ov.
222 3389 262 3435 ex
280 3370 383 3435 Ponto
407 3370 463 3433 IV.
486 3371 653 3455 16,11sq.
690 3372 779 3438 Num
802 3379 907 3438 tamen
931 3374 994 3457 1110,
1017 3380 1055 3439 ut
1075 3374 1246 3441 Teuffelius

75 3475 184 3540 voluit
213 3478 248 3540 in
280 3477 457 3541 litterarum
489 3477 706 3544 Romanarum
738 3481 795 3562 (ed.
821 3479 875 3542 lV.
906 3482 924 3563 ᾖ
950 3482 1024 3563 254,
1048 3483 1079 3562 2)
1108 3483 1247 3567 historia,

74 3583 181 3648 Iulius
200 3583 320 3650 Bassus
345 3586 386 3650 sit
407 3586 514 3649 rhetor
537 3587 593 3669 qui
611 3585 730 3652 Seneca
753 3593 833 3652 teste
856 3591 964 3670 (contr.
983 3588 1026 3652 X.
1048 3591 1075 3671 1,
1097 3591 1147 3671 13)
1171 3611 1246 3655 con·

75 3692 191 3754 sectari
215 3691 335 3757 solebat
356 3712 407 3757 res
432 3691 571 3757 sordidas
596 3699 627 3758 01
649 3693 832 3759 inveniebat
855 3697 912 3779 qui
930 3695 1000 3761 illas
1023 3699 1118 3763 unice
1141 3701 1246 3784 suspi-

75 3801 193 3880 cerent,
216 3797 333 3864 dubito.

164 3903 334 3970 Ponticum
361 3911 486 3990 poetam
514 3907 699 3992 Propertius
732 3910 917 3994 adloquitur
949 3911 1141 3978 carminibus
1174 3914 1199 3980 Ι.
1226 3915 1242 3976 7

74 4011 159 4076 019,
205 4011 313 4076 Ηο100
346 4033 442 4078 versu
469 4013 650 4079 1110010100
684 4021 751 4080 0101
782 4022 861 4081 10010
886 4016 1110 4084 011ᾱί011101.
1134 4040 1162 4083 v.
1186 4021 1242 4084 IV.

77 4117 129 4198 10,
151 4119 207 4199 47,
232 4121 357 4204 scripsit
379 4119 566 4187 Thebaidem
586 4122 815 4189 Antimachum
833 4124 967 4190 fortasse
987 4133 1125 4191 secutus.
1157 4127 1243 4192 Wel-

75 4243 168 4289 cerus
189 4245 235 4310 ep.
261 4228 338 4308 cycl.
362 4227 387 4290 Ι.
411 4248 440 4312 p.
467 4230 540 4310 202,
563 4227 759 4295 adsentiente
783 4230 919 4296 Diltheio
943 4230 996 4316 (de
1020 4232 1093 4297 Call.
1113 4233 1189 4316 Cyd.
1212 4256 1241 4318 p.

76 4333 105 4412 2)
137 4333 184 4395 011
209 4333 357 4398 versibus
386 4335 479 4420 Prop.
499 4335 526 4418 I,
559 4336 588 4418 7,
617 4338 632 4399 1
664 4357 731 4422 sqq.
764 4339 903 4423 conlegit
933 4340 1134 4425 Propertium
1167 4362 1241 4410 cum
