3074 4788
715 203 933 270 -584—

241 389 297 448 aut
315 386 409 466 poeta
427 379 530 444 multa
549 398 632 462 quae
651 380 821 462 scripserat
841 379 971 464 ignibus
994 379 1118 444 dedisse
1141 380 1330 444 iudicandus
1355 386 1415 446 est.
1506 343 1507 400 3

239 490 305 554 Cur
332 489 385 552 illa
414 487 553 552 carmina
582 490 654 570 post
677 486 834 569 Propertii
856 492 990 552 mortem
1014 506 1080 551 uno
1102 486 1182 552 libro
1204 488 1288 551 edita
1310 489 1416 552 omni-

238 597 300 660 bus
323 601 395 661 ante
414 593 657 658 Lachmannum
680 592 877 676 temporibus
901 611 967 658 uno
989 592 1069 658 libro
1089 594 1260 658 coniuncta
1277 597 1310 662 io
1330 595 1415 658 duos
1506 593 1507 610 ³

240 703 339 768 libros
363 702 551 766 dirimamus
573 699 667 782 plane
689 718 755 765 non
780 705 829 765 est
851 716 958 781 causa,
984 701 1170 783 praesertim
1193 721 1267 766 cum
1290 703 1416 766 nescia-

236 828 310 874 mus
340 807 418 891 quid
444 807 543 890 priori
571 805 650 889 quid
677 807 841 889 posteriori
867 805 949 872 libro
977 812 1070 890 poeta
1099 808 1279 874 inserturus
1307 808 1414 874 luerit
1506 799 1507 802 ¹

241 917 374 981 Carmen
397 911 458 977 13b
474 913 604 996 quidem
622 911 693 975 leco
711 932 775 976 non
794 914 963 992 moverim3
984 914 1070 996 qnod
1090 915 1114 980 si
1136 915 1189 978 cui
1206 915 1266 982 hoc
1285 933 1414 982 carmen
1506 945 1507 984 3

238 1024 350 1088 eodem
379 1027 522 1103 tempore
550 1038 614 1102 quo
643 1037 770 1082 carmen
792 1018 857 1090 ΠΙ.
883 1020 924 1082 10
952 1025 984 1084 et
1005 1021 1091 1103 prior
1114 1023 1219 1104 quarti
1242 1020 1316 1086 libri
1337 1041 1414 1104 pars

240 1131 394 1213 scriptum
414 1145 485 1192 esse
502 1126 631 1192 videtur
648 1144 713 1190 non
732 1125 880 1208 concedo,
902 1126 1053 1193 edidisset
1071 1128 1155 1192 enim
1174 1135 1267 1213 poeta
1285 1147 1415 1194 carmen

238 1236 490 1320 pulcherrimum
507 1251 608 1316 paene
626 1231 807 1300 absolutum
826 1234 861 1296 in
880 1239 992 1317 quarto
1011 1233 1101 1315 libro,
1123 1240 1283 1318 praeterea
1302 1241 1414 1318 penta-

237 1348 412 1408 metrorum
436 1341 543 1405 exitus
566 1345 755 1422 repugnant.
800 1339 946 1406 Fortasse
969 1345 1077 1404 tamen
1100 1343 1132 1404 in
1157 1342 1236 1426 ipsis
1254 1341 1414 1425 Propertii

236 1450 362 1514 schedis
385 1449 517 1514 alterius
541 1447 689 1529 tertiiquc
708 1446 781 1510 libri
800 1448 940 1512 carmina
959 1453 1043 1510 certo
1062 1453 1094 1512 et
1111 1449 1280 1515 immutato
1300 1450 1414 1514 ordine

237 1558 322 1622 inter
344 1575 379 1620 se
401 1574 466 1620 non
491 1552 715 1637 sequebantur.
767 1551 938 1636 Complura
961 1556 1100 1620 carmina
1127 1555 1312 1638 Propertius
1345 1577 1413 1620 non

235 1663 387 1733 edidisset
412 1661 504 1726 velut
530 1680 555 1726 c.
583 1659 626 1724 II.
657 1660 686 1740 7,
712 1659 770 1726 III.
801 1660 852 1740 10,
880 1662 933 1740 22,
957 1662 1008 1742 23,
1032 1662 1084 1742 24,
1108 1663 1157 1725 29.
1203 1663 1303 1728 Alteri
1330 1663 1413 1728 libro
1506 1687 1507 1698 ¹

234 1770 368 1834 fortasse
401 1768 592 1834 inseruisset
624 1768 764 1834 carmina
791 1765 850 1831 ΠΙ.
880 1767 919 1832 31
950 1775 982 1830 et
1010 1769 1052 1832 20
1081 1771 1214 1852 (septam
1243 1771 1411 1836 mensibus

234 1881 307 1961 post
325 1876 447 1940 editum
465 1875 605 1958 primum
624 1872 741 1938 librum
761 1874 927 1956 scriptum)
947 1875 989 1938 28
1009 1875 1058 1956 (cf.
1078 1895 1130 1940 vv.
1149 1875 1191 1940 ll.
1213 1878 1248 1958 9,,
1266 1879 1411 1962 25sqq.).

235 1983 335 2048 Vides
363 2001 505 2048 crescere
532 1985 662 2046 tenuem
686 1981 820 2046 alterum
843 1979 980 2062 librum,
1002 2002 1199 2066 quamquam
1222 1983 1410 2070 Knauthius
1506 2009 1507 2048 r

236 2091 274 2156 de
302 2088 499 2154 carminibus
523 2087 584 2154 III.
615 2086 763 2150 16-242
786 2087 876 2154 alteri
905 2084 986 2152 libre
1015 2090 1098 2154 inter
1125 2091 1266 2156 carmina
1290 2091 1307 2154 i
1333 2096 1365 2156 et
1389 2093 1410 2154 8

234 2195 413 2261 inserendis
437 2197 568 2279 (quaest.
592 2193 687 2278 Prop.
710 2214 740 2277 p.
765 2195 820 2279 22)
843 2195 966 2260 nemini
987 2195 1199 2278 persuadebit.
1235 2195 1313 2262 Dixi
1335 2217 1411 2281 poe·
1506 2197 1507 2212 ³

235 2309 300 2371 tam
324 2301 479 2386 quaedam
503 2321 570 2368 non
593 2301 753 2368 editurum
777 2300 887 2383 fuisse,
911 2302 962 2366 sin
984 2301 1109 2384 reliqua
1130 2305 1277 2368 auxisset
1296 2309 1327 2368 et
1345 2304 1410 2370 cla-

234 2410 385 2491 borasset
417 2409 497 2472 duos
529 2408 629 2474 libros
662 2427 728 2472 non
759 2407 924 2474 inferiores
940 2408 1089 2492 reliquis
1122 2409 1277 2475 effecisset
1304 2411 1408 2478 multo
1506 2459 1507 2492 q

234 2517 402 2600 ampliores
421 2521 514 2596 certe,
533 2535 630 2599 quam
649 2515 706 2597 qui
726 2534 792 2578 uno
809 2514 889 2578 libro
908 2516 1133 2598 comprehendi
1151 2521 1290 2600 possent.
1323 2517 1409 2602 Ergo
1506 2559 1507 2592 ;

235 2625 421 2708 quicunque
443 2623 553 2690 invitis
576 2621 664 2687 libris
688 2623 913 2705 manuscriptis
936 2623 1059 2705 integra
1082 2623 1223 2688 carmina
1243 2623 1277 2686 in
1307 2624 1408 2688 altero

232 2733 367 2796 tertiove
386 2729 466 2794 libro
485 2730 652 2794 restituere
670 2727 732 2791 sibi
750 2748 842 2812 posse
857 2730 1028 2812 videbitur,
1045 2731 1161 2794 iterum
1178 2735 1274 2813 atque
1288 2732 1406 2798 iterum

234 2857 316 2922 quae
343 2838 564 2921 disputamrus
586 2840 635 2902 est
657 2837 833 2917 examinet,
861 2842 1032 2919 antequam
1055 2838 1090 2900 in
1112 2837 1219 2904 lucem
1242 2837 1405 2920 publicem

233 2947 363 3010 emittat
409 2943 474 3008 Gur
500 2961 573 3024 nos,
602 2963 684 3025 quae
711 2948 803 3026 poeta
831 2962 897 3007 non
921 2945 1091 3010 coniuncta
1113 2964 1180 3009 non
1203 2945 1407 3010 cohaerentia

234 3053 411 3138 reliquerit,
432 3051 521 3115 illius
541 3051 665 3134 ingrato
684 3068 818 3114 munere
835 3049 1006 3133 fungentes
1024 3051 1266 3133 consociemus?
1302 3049 1407 3116 Disci-

234 3179 309 3224 mus
338 3178 402 3242 quo
425 3157 520 3222 medo
549 3158 689 3222 carmina
717 3177 775 3220 sua
802 3158 995 3239 exaraverit,
1023 3176 1087 3244 quo
1116 3157 1237 3240 studi0,
1265 3178 1330 3242 qua
1355 3160 1407 3222 in-

233 3266 370 3346 dustria,
396 3269 462 3330 arte
491 3263 611 3348 lapides
641 3265 835 3348 quaesiverit
858 3264 1092 3328 circumciderit
1114 3266 1307 3348 coaptaverit
1330 3285 1406 3330 con·
1506 3281 1507 3292 *

232 3373 383 3453 iunxerit,
410 3371 566 3440 deteriora
591 3371 685 3435 novis
708 3371 889 3450 mutaverit,
912 3374 994 3434 totas
1017 3375 1122 3453 partes
1146 3373 1325 3438 carminum
1347 3373 1405 3436 ali-
1506 3439 1507 3442 ,

234 3479 382 3560 quotiens
411 3477 596 3558 succiderit,
622 3478 811 3561 priusquam
840 3477 980 3541 carmina
1002 3476 1095 3540 edere
1117 3497 1211 3560 posse
1234 3477 1294 3542 sibi
1316 3479 1404 3544 vide·

231 3589 329 3648 retur.
380 3582 513 3651 Carmen
536 3584 579 3648 II.
610 3585 627 3646 l
657 3585 726 3648 sinc
755 3583 851 3650 dubio
879 3583 939 3646 hac
965 3584 1087 3648 ratione
1114 3585 1215 3648 crevit
1241 3585 1404 3668 paulatim,

231 3691 364 3754 fortasse
387 3693 482 3755 etiam
506 3709 635 3754 carmen
658 3689 718 3754 III.
742 3693 800 3772 34,
828 3709 1025 3774 quamquam
1049 3690 1232 3756 absolutum
1255 3711 1322 3756 non
1346 3699 1403 3768 est,

231 3798 340 3862 minus
373 3803 457 3862 certe
488 3797 573 3860 idem
608 3796 646 3859 de
684 3798 753 3862 eliis
787 3797 979 3881 quibusdam
1016 3797 1211 3864 carminibus
1245 3803 1405 3864 statuetur

231 3903 320 3968 velut
353 3905 390 3968 de
423 3903 616 3968 carminibus
649 3903 707 3968 ΙΙΙ.
743 3905 785 3968 14
812 3910 844 3968 et
868 3906 918 3968 15.
965 3904 1054 3970 Haec
1077 3905 1227 3968 carmina
1258 3913 1403 3988 poterant
1506 3931 1507 3990 j

234 4009 385 4074 effluente
407 4011 523 4094 gaudio
546 4011 631 4074 facili
653 4011 781 4094 ingenio
806 4013 944 4094 quodam
963 4012 1056 4078 modo
1076 4031 1136 4075 sua
1154 4016 1266 4094 sponte
1289 4031 1307 4074 e
1330 4013 1402 4076 stilo

233 4121 344 4198 poetae
353 4136 513 4200 proruere.
537 4117 681 4184 Plurima
690 4123 795 4182 tamen
807 4121 945 4182 carmina
962 4124 1157 4202 quantopere
1172 4139 1190 4182 a
1203 4119 1401 4200 reliquorum

232 4221 385 4286 librorum
405 4222 602 4290 carminibus
620 4227 772 4288 acerrimo
792 4227 897 4290 studio
917 4226 1082 4290 elaboratis
1101 4227 1288 4309 discrepent,
1306 4243 1401 4290 uerno

232 4347 297 4394 uon
320 4329 413 4393 ridet
