3074 4788
714 303 934 366 ...68-

240 486 313 544 ante
350 481 506 544 iunctum.
565 478 647 545 'lum
684 479 868 563 Lygdamus
904 499 1080 564 servaeque
1110 494 1168 544 ‘me
1206 479 1416 545 offenderunt.

239 586 423 671 Lygdamns
448 605 561 652 servus
585 591 634 650 est
657 585 811 667 Cynthiae
833 589 868 650 in
891 589 1029 652 carmine
1052 587 1108 650 IV.
1133 586 1162 668 6,
1191 587 1276 652 idam
1299 607 1418 652 servus
1528 662 1529 682 ,

240 693 396 778 Propertii
419 713 489 759 esse
512 694 641 759 videtur
663 696 704 774 (v.
723 693 763 756 V.
783 696 814 776 8,
833 695 899 776 37),
921 696 956 758 in
978 694 1074 758 domo
1098 693 1304 778 Propertiana
1326 696 1416 760 enim

240 804 425 867 convivium
443 808 500 883 est,
521 803 607 866 idem
631 800 785 882 Cynthiae
807 801 898 866 velut
925 802 1071 866 dominae
1098 802 1177 866 iram
1201 807 1348 866 metuens
1372 805 1415 882 (r.

240 912 271 988 8,
294 909 349 990 68)
372 910 411 974 ad
433 909 534 994 plutei
556 908 657 972 fulcra
685 909 812 972 sinistra
838 908 914 973 latet
937 906 1001 990 (vv.
1031 908 1072 971 79
1092 911 1161 991 sq),
1192 927 1306 972 verum
1333 909 1416 974 Pro-

239 1018 361 1101 pertius
394 1018 486 1100 quasi
518 1019 548 1080 ei
580 1034 710 1099 quoque
736 1017 771 1078 in
807 1035 937 1080 servum
973 1016 1145 1099 imperium
1180 1017 1317 1100 iuraque
1349 1018 1417 1081 sint

239 1124 370 1189 iubetur
392 1142 523 1188 servum
546 1123 694 1204 vendere,
715 1122 886 1206 respondet
908 1127 1000 1206 poeta
1018 1121 1154 1205 ‘legibus
1177 1123 1259 1188 utar'
1284 1143 1414 1187 summo

240 1251 315 1296 curn
347 1232 473 1315 puellae
504 1230 628 1314 gaudio.
675 1230 744 1294 Iam
776 1248 851 1294 vero
878 1227 1063 1314 Lygdamus
1097 1249 1209 1294 servus
1242 1229 1415 1312 cynthiam

239 1337 435 1402 interfecisse
462 1357 514 1400 vv.
541 1338 569 1418 7,
589 1339 630 1400 35
651 1356 697 1420 sq.
726 1337 879 1420 arguitur.
929 1335 965 1399 Si
992 1336 1155 1400 dominam
1183 1337 1339 1402 interfecit
1361 1358 1414 1404 vv,

242 1446 283 1509 73
303 1465 370 1529 sqq.
398 1446 517 1509 rectius
550 1443 656 1527 puella
688 1442 889 1528 Propertium
922 1443 1122 1526 implorasset
1149 1449 1187 1508 ut
1219 1450 1345 1508 curaret
1371 1464 1416 1508 ne

239 1554 426 1617 innocentes
451 1569 560 1616 servae
583 1571 649 1615 una
672 1571 746 1616 cum
771 1569 864 1616 servo
888 1539 1035 1614 dominae
1058 1550 1259 1617 interfectore
1278 1557 1309 1616 et
1326 1553 1416 1636 ipsae

241 1659 391 1724 crucibus
415 1657 619 1742 affigerentur
646 1657 683 1720 of.
707 1658 778 1722 Pac.
802 1678 874 1722 ann.
902 1655 993 1720 XIV.
1016 1659 1069 1719 42.
1111 1657 1303 1724 Testamenti
1327 1661 1414 1722 enim
1530 1663 1531 1722 l

240 1767 449 1831 manumissio
477 1766 529 1828 hic
556 1765 635 1829 nihil
663 1771 746 1831 certe
774 1766 935 1829 valuisset.
971 1763 1157 1849 Lygdamus
1184 1784 1260 1830 vero
1285 1767 1415 1850 quando

239 1876 274 1938 in
297 1873 453 1957 Propertii
480 1877 668 1956 potestatem
696 1874 857 1938 transierit
884 1892 1046 1956 nusquam
1075 1873 1240 1956 reperitur.
1290 1873 1416 1938 Deinde

240 2000 299 2046 cur
320 2000 387 2048 non
408 1982 478 2064 ipsa
501 1981 529 2044 si
552 1999 659 2044 servas
683 1985 872 2046 testamento
902 1981 1091 2046 manumisit
1113 1986 1151 2044 ut
1177 1981 1217 2044 de
1245 1979 1416 2046 Parthenia

240 2088 420 2154 ethoaldo
446 2089 635 2171 interpretes
664 2090 851 2171 opinantur,
878 2107 937 2152 our
963 2107 1028 2150 non
1056 2089 1127 2171 ipsa
1149 2088 1277 2153 easdem
1300 2089 1415 2153 eodem

239 2201 429 2262 testamento
453 2201 606 2278 exparte
629 2214 737 2260 rerum
760 2195 893 2261 heredes
915 2196 1005 2277 fecit,
1028 2213 1069 2260 ne
1091 2200 1148 2260 aut
1169 2193 1253 2260 lame
1276 2196 1417 2278 perirent

240 2309 296 2368 aut
324 2304 430 2368 denuo
460 2304 645 2367 servitutem
678 2302 785 2366 subire
818 2303 1027 2388 cogerentur?
1074 2301 1156 2366 Care
1193 2301 1311 2366 dixeris
1343 2319 1415 2366 eam

241 2409 355 2496 opibus
388 2411 541 2491 caruisse,
565 2419 682 2474 'servas
714 2409 826 2475 habuit
849 2417 881 2475 et
903 2411 980 2474 alias
1008 2427 1137 2492 quoque
1160 2427 1211 2473 res
1243 2408 1414 2473 familiares
1532 2393 1533 2408 ¹

241 2537 311 2581 earn
334 2523 427 2582 antea
450 2517 579 2600 quidem
602 2516 783 2601 pessedisse
807 2537 872 2582 non
894 2523 1009 2582 tenues
1032 2517 1139 2580 omnia
1162 2516 1315 2598 clamant,
1336 2535 1414 2599 ergo
1532 2571 1533 2576 ,

242 2624 329 2708 quod
351 2625 411 2689 hoc
443 2627 584 2690 carmine
617 2623 722 2688 subito
754 2643 876 2708 pauper
907 2625 989 2689 facta
1012 2643 1082 2688 esse
1104 2623 1246 2705 videtin,
1276 2629 1314 2688 ut
1337 2643 1415 2688 sane

241 2732 378 2814 videtur,
400 2751 485 2796 nova
507 2734 589 2798 mira
607 2737 656 2796 est
673 2749 738 2810 res;
763 2752 828 2815 quo
848 2751 923 2817 opes
947 2731 1104 2813 abierunt,
1127 2750 1185 2795 cur
1207 2737 1272 2796 tarn
1291 2730 1415 2795 flebiles

242 2841 395 2923 exequias
427 2845 520 2904 nacta
551 2839 619 2904 est?
664 2837 936 2922 Respondendum
965 2841 1098 2904 eritrea
1125 2838 1251 2922 puellae
1273 2840 1307 2902 in
1330 2838 1415 2901 alius

241 2947 380 3012 hominis
402 2953 592 3031 potestatem
614 2946 714 3010 fuisse
738 2947 920 3028 translatae,
943 2948 1096 3011 nimirum
1120 2947 1273 3030 coniugis.
1319 2945 1416 3008 Prae-

242 3059 327 3119 terea
348 3075 400 3118 vv.
423 3055 555 3118 41-46
578 3059 728 3138 poterunt
752 3053 882 3137 quidem
906 3056 934 3117 si
957 3055 1107 3119 acerrime
1130 3053 1225 3118 verba
1249 3052 1415 3138 torquebis

243 3161 281 3224 de
304 3160 460 3245 Propertii
483 3163 585 3226 servis
606 3161 762 3245 intellegi,
789 3159 960 3245 probabilis
982 3180 1057 3226 vero
1081 3180 1137 3246 per
1160 3179 1194 3226 se
1217 3162 1295 3225 haec
1317 3162 1416 3224 inter-

241 3271 373 3352 pretatio
389 3287 454 3333 non
473 3274 530 3351 est,
549 3269 649 3332 multo
668 3270 785 3332 rectius
801 3268 840 3332 de
856 3267 1010 3349 Cynthiae
1026 3269 1126 3334 servis
1142 3268 1368 3352 intellegentur
1378 3269 1416 3331 in

244 3382 354 3459 poetae
370 3395 500 3460 quoque
513 3380 669 3459 potestate
683 3375 855 3440 conlocatis
870 3396 907 3439 ac
925 3395 1010 3440 nova
1028 3374 1067 3440 ab
1086 3395 1125 3440 eo
1144 3376 1272 3440 domina
1289 3381 1417 3457 recepta

243 3481 282 3547 ab
303 3491 441 3567 utroque
464 3484 597 3547 vexatis.
643 3481 767 3547 Deinde
790 3504 818 3546 v.
843 3485 885 3546 82
910 3485 1075 3567 sequentis
1099 3483 1248 3548 carminis
1271 3481 1414 3566 praebet:

401 3592 525 3655 ‘riserat
546 3591 679 3673 imperio
703 3590 784 3655 facta
807 3590 944 3674 superba
967 3590 1057 3654 dato'.

242 3698 347 3762 Antea
370 3697 426 3761 ubi
448 3698 594 3764 nondum
621 3699 861 3763 matrimonium
889 3697 982 3762 ambo
1009 3699 1159 3780 inierant,
1186 3697 1276 3762 nulla
1301 3698 1336 3761 in
1358 3696 1416 3760 tali

242 3824 277 3869 re
300 3805 423 3869 ridendi
446 3812 502 3869 aut
525 3805 729 3889 superbiendi
749 3825 846 3869 causa
866 3804 988 3882 fuisset,
1012 3806 1064 3869 hic
1081 3825 1169 3869 unus
1187 3809 1298 3888 poetae
1320 3805 1417 3868 timor

242 3911 366 3976 fuitne
390 3913 511 3976 invitus
535 3913 755 3994 dimitteretur,
777 3912 897 3976 nedum
920 3913 989 3996 ipse
1006 3912 1118 3976 volens
1142 3913 1271 3978 servitio
1295 3912 1415 3975 collum

245 4018 430 4084 subrahere
452 4021 609 4102 potuisset
631 4025 688 4084 aut
711 4039 811 4084 ausus
835 4025 926 4084 esset.
973 4019 999 4082 Ε
1018 4038 1114 4084 versu
1135 4022 1176 4084 34
1200 4020 1261 4083 hoc
1284 4019 1415 4103 quidem

243 4125 380 4192 efficitru
399 4146 473 4191 eum
492 4131 566 4190 ante
589 4127 682 4191 illum
706 4126 790 4191 diem
809 4146 865 4212 per
883 4126 1012 4210 aliquod
1034 4131 1162 4211 tempus
1179 4126 1307 4192 furtivis
1328 4146 1415 4190 amo.-

243 4233 333 4297 ribus
356 4253 483 4317 operam
511 4253 577 4296 non
605 4234 742 4316 dedisse,
771 4235 826 4298 sed
850 4233 1005 4315 Cynthiae
1032 4254 1139 4299 amore
1160 4235 1252 4299 velut
1273 4235 1415 4318 legitimo

244 4345 276 4404 et
298 4341 405 4424 aliquo
428 4341 521 4405 modo
551 4342 709 4405 consenti
736 4361 833 4405 usum
862 4361 945 4422 esse;
980 4342 1065 4424 quod
1090 4341 1296 4406 confirmatur
1317 4361 1346 4403 v.
1370 4341 1415 4404 83
