3074 4788
730 225 951 298 ..82-

255 422 325 466 8888
348 407 520 467 servatum.
565 403 605 466 In
628 407 693 466 tota
715 421 751 466 re
778 403 869 475 enim
892 403 1033 466 carmina
1055 403 1080 466 Ι.
1105 404 1124 465 3
1149 407 1181 467 81
1202 402 1261 466 III.
1287 404 1328 466 29
1352 421 1434 467 con-

255 511 399 574 sentiunt
423 516 454 574 et
476 513 602 574 maturo
626 514 766 594 ternpore
793 510 855 574 hoo
886 529 1012 574 carmen
1041 511 1194 594 scriptum
1223 529 1293 574 essa
1320 515 1435 594 penta·

253 624 427 682 metrorum
456 619 563 680 exitus
592 616 714 680 docent.
766 615 850 700 Ergo
877 622 969 701 pocta
1001 617 1141 700 primum
1173 617 1435 682 duasrcarminis

254 724 314 788 ΙΙΙ.
340 727 382 788 29
404 729 508 808 partes
533 723 726 807 composuit,
754 723 868 787 deinde
896 743 1000 787 unum
1027 723 1277 808 pulchenr'mum
1301 743 1435 788 cannen

257 833 285 915 1,
305 834 324 895 3
344 833 394 896 his
417 830 559 915 partibus
584 831 694 913 effecit,
716 831 855 914 priorem
878 836 1000 914 partem
1024 829 1152 895 duobus
1175 829 1324 895 versibus
1343 831 1379 913 (l.
1401 834 1436 914 3,

257 941 348 1022 988.)
372 938 572 1022 compressit,
603 937 815 1021 posteriorem
842 937 941 1000 auxit.
986 936 1074 1000 Num
1098 943 1191 1021 poeta
1213 939 1354 1022 primum
1378 939 1436 1000 ab·

256 1046 397 1110 solutum
430 1046 518 1107 omni
550 1050 616 1110 arte
631 1077 633 1082 v
648 1062 775 1137 888888
804 1043 941 1108 edidisse
964 1049 1073 1128 postea
1093 1063 1171 1109 vero
1196 1045 1340 1109 eiusdem
1365 1063 1435 1108 car·

254 1153 352 1216 minis
383 1152 487 1235 prima
517 1152 710 1216 lineamenta
743 1169 874 1234 quoque
901 1151 936 1213 in
965 1149 1123 1234 publicam
1153 1151 1258 1217 lucem
1286 1151 1436 1216 emisisse

255 1259 446 1324 iudicandus
474 1259 544 1322 est?
590 1257 693 1322 Simili
710 1259 842 1322 ratione
869 1263 963 1340 poeta
988 1258 1123 1322 fortasse
1152 1261 1246 1323 etiam
1280 1259 1434 1322 carminis

258 1369 299 1429 33
324 1366 404 1429 (1888
427 1371 531 1449 partes
550 1363 719 1428 artificiose
738 1364 959 1428 contexuisset
976 1375 1148 1449 antequam
1168 1366 1326 1430 edidisset.
1363 1365 1436 1428 Iam

258 1473 518 1556 contemplemur,
544 1491 673 1535 carmen
700 1471 743 1534 Il.
773 1473 802 1534 a.
852 1469 926 1534 Hoc
958 1491 1093 1536 carmon
1117 1473 1276 1555 triplicem
1303 1471 1436 1536 conclu-

258 1581 381 1644 sionem
413 1579 507 1643 habet
529 1599 581 1640 88.
607 1578 754 1660 37-40,
781 1578 928 1659 41-48,
956 1579 1097 1642 49-52,
1141 1578 1232 1643 Haec
1257 1579 1437 1662 fragmenta

258 1686 369 1750 eodem
392 1690 534 1770 tempore
558 1703 622 1768 quo
646 1685 732 1768 prior
753 1703 827 1768 pars
849 1685 999 1748 carminis
1017 1687 1094 1748 8881
1112 1705 1163 1748 88.
1185 1685 1291 1748 1-31
1317 1686 1438 1768 scripto

259 1812 330 1858 esse
353 1792 542 1856 verisimile
565 1797 613 1866 est
633 1792 686 1855 881
705 1797 836 1854 certum.
873 1791 941 1856 Iam
959 1811 1035 1856 vero
1053 1792 1110 1856 has
1129 1798 1192 1856 tres
1212 1793 1437 1856 conclusiones

259 1901 371 1965 eodem
399 1899 538 1964 carmine
566 1899 719 1981 coniungi
746 1917 813 1962 888
836 1905 1022 1982 potuerunt,
1050 1904 1156 1983 aperte
1185 1901 1271 1963 enim
1294 1901 1378 1962 inter
1401 1918 1438 1962 88

259 2014 419 2092 pugnant,
449 2024 665 2088 unaquaeque
692 2011 809 2068 tamen*
828 2006 991 2070 conclusio
1021 2007 1048 2070 si
1081 2006 1146 2070 sola
1177 2007 1331 2089 recipitur
1360 2006 1439 2069 ferri

259 2120 371 2199 potest.
417 2112 576 2176 Videmus
600 2111 759 2175 officinam
782 2111 920 2190 artificis,
944 2131 1071 2177 carmen
1095 2112 1205 2177 scribit
1223 2113 1342 2177 omissa
1360 2131 1438 2175 con-

261 2223 413 2303 clusione,
435 2225 506 2284 tum
530 2218 769 2282 conclusionem
793 2219 908 2301 scribit,
931 2221 1061 2284 alteram
1081 2220 1192 2284 scribit
1210 2220 1334 2284 tertiam
1359 2219 1439 2282 scri·-

259 2328 307 2392 bit
329 2329 398 2392 sive
425 2346 524 2390 unam
552 2330 662 2408 postea
690 2325 850 2389 electurus
878 2327 946 2391 sive
969 2347 1080 2391 omncs
1109 2327 1337 2391 conciliaturus
1361 2343 1437 2390 con-

259 2434 405 2498 flaturus.
450 2433 538 2496 ldem
563 2432 810 2517 deprehenditur
830 2433 866 2496 in
889 2434 1030 2498 carmine
1055 2431 1118 2498 13¹³·
1155 2431 1227 2497 Hoc
1245 2451 1373 2496 carmen
1391 2432 1436 2496 le·

260 2538 405 2626 gitimam
434 2539 672 2604 conclusionem
699 2539 795 2603 habet
816 2560 868 2602 vv.
894 2542 935 2604 39
947 2561 1008 2625 sq.,
1035 2541 1166 2605 alteram
1197 2539 1435 2603 conclusionem

261 2649 405 2713 efficiunt
426 2666 478 2713 88,
503 2646 543 2709 41
566 2665 627 2729 88,
650 2647 730 2709 miro
750 2646 837 2710 enim
860 2647 954 2712 modo
978 2646 1115 2729 Cynthia
1142 2667 1220 2711 cana
1247 2645 1375 2710 iubetur
1397 2645 1438 2709 ad

262 2754 394 2819 bustum
413 2756 533 2837 venire,
556 2753 585 2817 si
601 2758 695 2837 pocta
713 2753 880 2818 additurus
899 2760 979 2819 arat:
1003 2759 1113 2820 caveat
1131 2773 1172 2818 ne
1190 2773 1336 2838 unquam
1360 2773 1436 2838 poe·

262 2868 327 2926 tam
359 2863 570 2946 adspemetur
602 2860 775 2944 sepultum.
829 2860 996 2926 Praeterea
1029 2863 1192 2947 aptissime
1224 2869 1276 2923 88.
1304 2861 1436 2923 43-58

264 2990 294 3032 8.
324 2971 365 3033 38
394 2975 557 3040 secuntur.
604 2966 701 3043 Quae.
726 2973 818 3051 poeta
848 2969 923 3031 rudi
946 2968 1017 3033 stilo
1054 2969 1257 3052 paucissimis
1290 2966 1437 3031 versibus

264 3077 432 3160 scripserat
458 3074 590 3140 uberius
618 3075 781 3158 exposuit,
807 3093 924 3138 novam
951 3074 1116 3160 pulchram
1150 3075 1272 3140 edendo
1305 3073 1439 3138 carmini

264 3182 504 3246 conclusionem
522 3180 703 3248 elaboravit.
741 3181 829 3246 Idem
853 3186 982 3266 apparet
999 3182 1033 3245 in
1053 3181 1193 3246 carmine
1208 3181 1259 3244 26.
1293 3181 1438 3245 Pessime

265 3289 350 3352 enim
372 3309 425 3352 88.
446 3290 486 3351 17
498 3309 543 3372 88.
563 3294 595 3352 et
615 3289 713 3372 1988.
731 3287 815 3352 inter
833 3307 867 3353 se
885 3293 1047 3353 secuntur.
1084 3287 1226 3352 Simulac
1249 3287 1437 3371 delphinum

264 3396 345 3459 vidit
371 3395 577 3478 gaudendum
604 3413 670 3458 non
697 3396 907 3461 metuendum
940 3400 1021 3478 erat,
1050 3394 1220 3459 falsissime
1251 3400 1359 3458 tamen
1385 3413 1439 3456 88.

268 3503 306 3564 17
320 3521 366 3584 sq.
386 3522 405 3564 a
419 3501 613 3585 quibusdam
632 3501 822 3566 abiciuntur.
854 3502 1079 3586 Superstitiosa
1094 3503 1178 3566 enim
1194 3502 1304 3565 timida
1322 3500 1441 3564 mulier

267 3607 313 3688 (cl.
333 3629 384 3670 88.
404 3608 459 3671 IV.
480 3611 510 3688 8,
531 3609 586 3689 15;
606 3607 666 3672 111.
687 3610 738 3690 29,
759 3609 813 3689 27)
832 3608 1022 3672 intolerabili
1041 3610 1154 3673 timore
1173 3609 1354 3679 excruciata
1373 3627 1438 3672 non

266 3715 330 3779 1881
353 3721 476 3798 poetam
500 3718 547 3779 ira
568 3720 735 3800 persecuta
762 3720 859 3797 essct,
887 3735 962 3800 ergo
989 3717 1100 3782 codem
1128 3715 1349 3799 consilioque
1374 3733 1440 3778 car-

266 3824 347 3886 mini
367 3822 427 3886 ΙΙΙ.
447 3824 490 3885 24
508 3843 623 3888 versus
644 3823 683 3885 51
697 3843 741 3905 88.
761 3821 920 3902 submisit,
937 3824 972 3886 in
991 3823 1130 3887 carmine
1140 3822 1199 3886 111.
1210 3822 1253 3884 26
1267 3841 1317 3883 88.
1340 3821 1380 3883 17
1393 3839 1439 3903 sq.

268 3931 402 4013 scripsit.
452 3928 596 4013 Reliquis
625 3928 773 3994 versibus
801 3927 954 3992 absolutis
982 3931 1178 3994 1188888888
1206 3928 1322 3993 ominis
1351 3947 1440 3992 aver·
1467 3951 1471 3956 ·

268 4037 356 4101 tendi
392 4055 489 4100 causa
524 4035 748 4100 infaustissimi
784 4037 934 4119 inseruit,
971 4036 1160 4121 puellaeque
1194 4054 1323 4100 carmen
1352 4035 1441 4098 misit

268 4143 494 4226 transcriptum
527 4143 579 4206 881
615 4144 757 4206 recitavit
794 4145 922 4208 omissis
958 4144 1091 4208 fortasse
1129 4142 1255 4207 duobus
1289 4140 1439 4206 versibus

250 4251 429 4314 -cxtremis
475 4249 587 4312 Finem
612 4251 762 4314 carminis
786 4249 913 4334 qualem
933 4271 992 4315 nos
1015 4250 1171 4314 habemus
1194 4251 1228 4313 in
1251 4251 1355 4315 lucem
1375 4269 1439 4314 non
