3074 4788
722 269 941 332 ..14-

247 445 369 508 Verum
401 445 574 529 praedixit,
615 449 703 528 patre
744 447 830 510 enim
872 445 1019 511 defuncto
1059 450 1151 532 pueri
1192 450 1221 512 si
1261 449 1420 514 redissent

248 571 315 614 non
338 552 377 614 ad
400 553 517 636 patrios
541 556 672 636 penates
696 552 752 617 sed
775 553 815 616 ad
838 555 948 618 matris
977 553 1052 618 deos
1080 551 1239 620 redissent
1261 556 1350 620 illius
1372 557 1419 619 dia

249 660 315 722 vini
337 660 420 723 vatis
447 678 489 722 ex
517 659 674 723 sententia
701 659 737 722 cf.
761 680 791 722 v.
817 661 889 723 132.
936 659 1062 724 Poterat
1090 663 1184 726 etiam
1212 663 1354 726 accidere
1381 668 1420 726 ut

248 768 316 830 suis
347 766 420 850 pilis
452 768 487 829 11
518 767 659 830 hostium
697 767 879 850 corporibus
912 768 1031 832 relictis
1063 769 1115 832 vel
1145 771 1334 852 permutatis
1366 771 1418 833 vel

248 875 372 937 emissis
396 875 431 936 in
453 875 587 958 patriam
611 874 759 938 redirent.
791 873 839 938 Ne
863 875 1002 940 cecidere
1026 875 1156 959 quidem
1179 877 1214 938 11
1238 877 1304 940 1111
1326 878 1418 960 pueri

247 986 284 1045 ut
309 981 364 1044 illo
388 981 539 1044 vaticinio
570 979 709 1064 praedici
731 980 909 1064 videbatur,
942 983 996 1046 sed
1028 984 1136 1066 potius
1169 1001 1246 1046 casu
1279 984 1417 1066 quodam
1472 966 1477 975 ³

246 1093 381 1172 uterque
412 1089 513 1171 periit.
578 1087 675 1151 ldiror
706 1085 739 1152 L.
772 1087 964 1154 Muellerum
1002 1091 1059 1174 qui
1095 1091 1129 1152 in
1165 1090 1270 1154 indice
1308 1089 1417 1154 editio-

245 1198 296 1260 nis
329 1214 408 1260 suae
439 1216 469 1279 p.
503 1195 580 1258 124:
614 1193 740 1258 Gallum
777 1194 880 1260 filium
913 1199 1024 1262 Arriae
1061 1197 1224 1264 hominem
1258 1199 1315 1279 qui
1342 1215 1416 1260 vere

245 1304 364 1368 vixerit
404 1302 607 1385 eundemque
649 1300 777 1366 Gallum
818 1321 888 1367 esse
929 1309 1020 1388 putat
1057 1305 1096 1368 de
1135 1323 1200 1388 quo
1238 1306 1343 1387 agitur
1379 1305 1414 1371 in

246 1412 384 1476 carmine
420 1409 445 1474 I.
484 1411 533 1476 21.
598 1408 699 1474 111111
734 1409 919 1494 Propertius
962 1411 1069 1493 qualia
1105 1411 1268 1491 vaticinia,
1309 1415 1416 1474 nostra

246 1522 346 1582 aetate
384 1517 492 1601 digna,
533 1522 603 1580 turn
640 1518 790 1601 temporis
831 1517 880 1582 edi
918 1519 1011 1584 solita
1049 1519 1120 1582 sint.
1186 1515 1292 1582 Verba
1327 1519 1417 1581 ‘vera

247 1624 301 1688 sed
332 1624 433 1687 invito
466 1625 600 1708 contigit
628 1625 690 1688 iste
720 1623 810 1688 fides'
843 1626 877 1688 in
905 1645 959 1690 ore
986 1626 1155 1710 horoscopi
1179 1627 1334 1690 sinceram
1357 1627 1416 1688 mi·

246 1732 450 1796 sericordiam
490 1733 627 1816 spirent,
664 1734 699 1795 in
739 1751 794 1796 ore
827 1738 937 1816 poetae
982 1733 1213 1796 cavillationem
1252 1731 1416 1797 acerbissi-

245 1859 339 1902 mam.
393 1837 557 1903 Festivum
585 1844 633 1903 est
661 1857 800 1922 sequens
831 1841 1031 1919 vaticinium3
1063 1859 1136 1904 cum
1169 1839 1291 1904 Lucina
1324 1839 1417 1904 Oina-

244 1965 298 2010 ree
330 1946 467 2010 traheret
499 1946 621 2034 dolores
656 1947 751 2010 iussit
782 1943 900 2010 Iunoni
921 1952 1005 2011 vvota
1042 1946 1119 2010 lieri.
1171 1945 1242 2022 Quo
1274 1951 1417 2031 tempore

245 2053 299 2116 illa
320 2055 461 2136 pariture
478 2059 573 2118 esset
600 2055 749 2134 nescivit,
777 2073 817 2117 ne
845 2054 1020 2117 medicinae
1045 2053 1174 2136 quidem
1203 2051 1301 2118 ullius
1330 2069 1415 2117 men·

245 2162 364 2224 1111111
386 2159 467 2226 iecit.
513 2159 628 2225 Nonne
651 2161 856 2226 stolidissima
882 2180 1039 2245 puerpera
1066 2162 1119 2224 cui
1141 2159 1264 2224 Lucina
1291 2161 1416 2224 dolores

245 2267 387 2331 trahebat
418 2266 574 2331 Lucinam
605 2271 689 2332 votis
726 2269 905 2336 adeundam
938 2287 1008 2334 esse
1041 2269 1155 2333 scivit?
1206 2267 1318 2332 Facete
1350 2268 1414 2331 duo

246 2376 378 2438 nomine
400 2375 543 2439 eiusdem
568 2377 644 2440 deae
667 2376 792 2440 diverse
815 2375 1011 2440 adhibentur.
1053 2375 1205 2458 Sequitur
1226 2375 1292 2438 ‘illa
1313 2373 1413 2458 parit'.

245 2481 414 2565 Numquid
437 2481 522 2546 aliud
544 2483 666 2547 1111111
689 2483 775 2547 crat?
821 2481 882 2547 Sed
905 2483 980 2546 audi
1004 2487 1200 2566 quantopere
1226 2483 1280 2546 ille
1302 2482 1414 2544 huius·

246 2589 332 2653 modi
350 2590 509 2654 vaticiniis
531 2591 696 2674 glorietur:
722 2589 796 2653 talia
819 2609 884 2653 non
903 2595 1006 2673 potest
1023 2591 1167 2675 luppiter
1180 2592 1321 2653 Ammon
1343 2605 1415 2672 pro-

245 2695 325 2760 ferre
348 2679 404 2760 111
426 2696 609 2781 haruspices
635 2717 676 2761 11
699 2697 885 2761 animalium
912 2696 1000 2760 fibris
1030 2697 1163 2762 deorum
1191 2697 1285 2762 11111
1313 2696 1414 2776 edere,

247 2823 353 2888 neque
382 2823 423 2868 ax
452 2804 633 2868 cornicibus
664 2821 770 2888 neque
798 2823 838 2868 ex
866 2802 988 2868 umbris
1017 2805 1215 2888 sepultorum
1241 2804 1314 2868 talia
1340 2803 1413 2866 elici

245 2916 395 2994 possunt,
417 2911 492 2974 talia
513 2929 607 2976 nemo
635 2913 699 2976 nisi
722 2898 900 2995 astrologus
926 2911 976 2974 vel
1002 2911 1196 2994 horoscopus
1224 2911 1328 2995 qualis
1355 2927 1413 2994 ego

247 3037 318 3081 sum
341 3018 481 3102 proferre
504 3017 645 3098 audebit3
675 3037 756 3101 quae
786 3023 822 3082 ut
844 3017 983 3081 illustret
1008 3019 1124 3082 iterum
1148 3017 1271 3082 fabulae
1293 3035 1413 3082 vexan-

246 3132 301 3190 tur
321 3127 513 3190 tritissimee.
549 3123 632 3188 ‘Non
654 3125 776 3189 rediere
799 3131 905 3189 tamen
923 3122 1036 3190 Danai'
1059 3125 1112 3190 ille
1134 3126 1271 3209 gloriose
1293 3124 1413 3208 procla-

244 3237 317 3298 mat.
362 3231 443 3296 Tum
471 3233 533 3315 ipsi
555 3231 719 3315 Propertio
743 3233 974 3296 vaticinaturus
1002 3236 1040 3295 11
1065 3231 1164 3297 fidem'
1184 3232 1411 3316 amplissimam

243 3340 297 3404 ille
320 3339 380 3403 sibi
402 3339 515 3403 habeat
546 3339 687 3422 primum
717 3339 781 3404 feta
812 3341 883 3402 eius
913 3340 1080 3423 praeterita
1107 3339 1146 3403 ab
1178 3340 1282 3403 unicis
1313 3339 1413 3402 stellis

245 3447 374 3510 doctum
399 3465 433 3510 11
457 3447 536 3510 scire
560 3446 705 3510 ostendit.
747 3445 885 3510 Prorsus
907 3446 992 3511 idem
1015 3447 1160 3511 hodierni
1183 3447 1346 3530 horoscopi
1368 3445 1412 3509 fa-

244 3555 341 3618 ciunt.
392 3553 514 3618 lterum
546 3551 682 3616 ludibrio
714 3551 848 3616 habetur
874 3553 1068 3638 horoscopus
1097 3573 1134 3618 eo
1167 3554 1252 3638 quod
1278 3553 1412 3637 Proper-

242 3663 308 3725 tius
332 3666 363 3725 11
385 3661 578 3744 horoscopus
602 3664 679 3723 sunt
705 3659 789 3724 idem
818 3661 926 3743 homo,
955 3679 1028 3746 ergo
1050 3661 1236 3745 Propertius
1258 3662 1327 3744 ipse
1350 3660 1411 3724 sibi

243 3769 475 3832 vaticinaturus
498 3787 557 3832 sua
578 3767 643 3831 fata
669 3768 836 3851 praeterita
858 3769 991 3852 evolvit,
1015 3789 1097 3852 quae
1119 3787 1214 3832 nemo
1236 3785 1277 3830 ne
1301 3767 1333 3830 di
1356 3771 1413 3830 eut

244 3875 353 3939 stellae
379 3874 513 3957 ¹quidem
541 3877 611 3959 ipso
644 3875 760 3940 melius
788 3876 868 3940 scire
897 3881 1048 3959 poterant
1099 3875 1232 3938 Accedit
1259 3873 1346 3957 quod
1375 3891 1411 3936 ea

186 4005 190 4014 ·
245 4001 328 4066 quae
352 3981 391 4044 de
412 3981 484 4045 latis
507 3989 619 4067 poetae
641 3982 817 4066 praeteritis
840 3988 1009 4048 1111111111
1031 4001 1068 4046 11
1091 3987 1167 4046 1111
1186 3997 1268 4064 1111
1291 3981 1410 4043 nemini

244 4093 326 4152 certe
353 4086 471 4153 Romae
499 4090 607 4172 ignota
634 4089 760 4153 11111111
810 4089 916 4154 Nihilo
950 4091 1059 4153 minus
1092 4091 1179 4173 epioe
1210 4088 1262 4152 vel
1289 4089 1413 4170 tragica

244 4195 391 4260 dictionis
413 4197 562 4262 maiestas
585 4198 744 4281 sequitur:
1103 4227 1106 4232 ·

269 4367 275 4386 ,
362 4343 365 4350 ·
400 4305 512 4389 ‘incipe
536 4309 571 4368 11
594 4305 733 4368 lacrimis
757 4323 880 4387 aequus
902 4304 1012 4368 edesse
1035 4302 1148 4367 novis’.
