3074 4788
729 316 949 377 „30-

255 493 400 559 subiisse.
450 493 534 576 'loga
566 493 668 556 vitilia
695 498 768 556 ante
797 494 947 576 quintum
975 493 1136 555 deoimum
1165 494 1281 555 aetatis-
1304 509 1429 556 annum

255 600 328 663 duoi
360 605 508 683 coeptum
540 599 657 663 liberae
689 597 881 684 reipublioae
914 598 1109 682 tempanianu
1141 599 1318 678 narisdme,
1355 605 1434 682 post

255 711 383 770 sextum
408 707 568 770 decidium
587 725 709 771 annum
727 707 858 770 finitum
875 707 937 769 nisi
955 711 1044 790 patre
1060 705 1239 769 retamenta
1257 721 1429 789 nunquam

255 814 321 878 fere
349 820 477 898 sumpta
505 821 560 878 est.
607 811 726 889 Quinto
750 814 873 878 decimo
896 814 1005 876 aetatis
1029 829 1203 895 annoque
1224 813 1356 896 plurimi
1377 815 1430 876 iu-

254 938 358 984 venes
380 924 549 1005 Aiugustea
578 925 679 985 aetate
705 927 811 1004 togam
839 924 1037 1004 praetextam
1067 919 1265 1003 deponebant
1293 917 1429 1004 Proper-

254 1029 319 1091 tius
344 1046 474 1112 quoque
497 1045 567 1091 eum
590 1027 776 1112 deposuisse
800 1027 979 1092 censendus
1002 1031 1058 1089 est.
1095 1026 1189 1091 Pater
1211 1032 1359 1092 mantuus
1377 1033 1431 1091 ost

253 1140 345 1219 poeta
368 1134 498 1227 infante·
520 1153 572 1199 res
593 1135 767 1198 familiares
787 1140 878 1199 erant
899 1139 1015 1197 tenues
1037 1133 1074 1196 of.
1098 1150 1149 1196 ov.
1173 1133 1211 1200 V.
1233 1135 1263 1215 1,
1283 1135 1344 1197 127
1357 1153 1429 1218 sqq.

253 1243 337 1327 Ergo
370 1248 407 1306 ut
438 1249 531 1326 poeta
562 1261 659 1327 quam
691 1239 832 1326 primum
860 1243 931 1325 ipse
956 1242 1124 1324 pecuniam
1153 1255 1264 1325 eogere
1292 1242 1430 1306 disseret

254 1351 433 1414 <iurandum
466 1357 539 1416 erat.
594 1349 663 1414 lam
696 1367 773 1413 vero
803 1351 837 1411 in
870 1367 899 1414 v.
928 1348 966 1413 V.
997 1349 1025 1428 1,
1057 1349 1121 1410 134
1152 1348 1269 1432 Apollo
1300 1353 1433 1431 poetam·

252 1459 349 1522 ‘veuit
370 1459 485 1520 insano
502 1457 597 1520 verba
616 1461 726 1520 tonate
745 1456 832 1520 inno?
869 1453 1030 1539 Suspioaii
1048 1455 1291 1538 possumushis
1310 1454 1429 1535 verbis,

253 1570 377 1648 poetam
400 1569 474 1647 post
495 1569 599 1648 togam
619 1563 750 1627 liberant
771 1569 932 1647 sumptam
950 1563 984 1625 in
1002 1561 1167 1645 publicum
1186 1561 1314 1646 prodire
1331 1578 1428 1624 oona·

253 1677 323 1735 tuan
353 1688 431 1735 esse.
482 1670 592 1736 Solum
622 1672 706 1734 enim
739 1669 917 1754 prodeundi
949 1669 1122 1734 oonslllunn
1150 1669 1276 1730 nemini·
1304 1673 1430 1752 plasten

253 1780 360 1862 ipsum
391 1783 516 1862 poetnn
550 1783 663 1842 11111111
696 1777 734 1840 ab
766 1778 946 1860 horoscopo»
972 1777 1057 1859 salpi
1088 1794 1152 1838 uon
1186 1792 1302 1858 passus
1333 1781 1427 1839 esset.

253 1885 448 1950 Hortensius
482 1885 682 1969 undeviginti
714 1900 816 1947 annos
848 1889 942 1950 notus
965 1881 1086 1946 Romae
1116 1883 1157 1945 111ἶ
1178 1881 1247 1944 toro
1275 1881 1359 1945 dixit
1388 1884 1427 1946 ai.
1534 1959 1535 1974 q

255 1991 316 2055 Cio.
346 1992 436 2056 Brut.
470 2011 495 2057 o.
529 1989 580 2053 64,
627 1990 733 2054 Minor
764 1997 874 2055 tamen·
904 1990 1087 2074 quindaoim
1119 1991 1213 2052 annis
1244 2004 1358 2053 uereor
1389 1996 1430 2054 ut

253 2105 347 2183 poeta
364 2101 398 2163 in
417 2098 583 2183 publicum
601 2098 727 2182 prodire
744 2100 883 2181 potuerit
899 2115 964 2161 neo·
978 2097 1136 2160 minorem·
1153 2113 1228 2160 eum
1248 2102 1428 2160 sistuanus

253 2206 353 2270 luisse
376 2221 451 2269 uum
475 2205 596 2268 bullam
621 2205 778 2289 deposuit,
800 2224 842 2268 na
860 2205 956 2267 nimis
976 2221 1073 2288 prope
1092 2205 1195 2288 ipsius
1214 2221 1319 2270 annus
1338 2209 1428 2268 nats-

253 2313 293 2375 lis
321 2314 361 2376 ad
389 2312 494 2375 Ovidii
522 2331 644 2378 annum
670 2313 809 2376 1111111111
838 2312 983 2375 aenedat
1023 2311 1166 2395 Sumpsit
1192 2313 1291 2395 igitur
1318 2317 1426 2396 togam

255 2419 384 2482 liberam
413 2439 499 2482 anno
527 2421 640 2502 quinto
668 2419 789 2483 deuimo
817 2417 1076 2502 praeterlabente.
1121 2413 1195 2480 Non
1224 2418 1296 2501 plus
1320 2437 1426 2483 unum
1535 2473 1536 2482 ,

256 2542 388 2608 annum,
408 2531 565 2609 quantum
585 2545 626 2590 ex
646 2527 758 2609 elegiis
770 2525 879 2591 Iule
899 2531 930 2588 et
945 2525 1008 2587 V.l
1030 2525 1164 2608 conligo,
1182 2526 1273 2589 tdvlt
1288 2527 1322 2588 in
1341 2527 1427 2590 vitae

257 2631 434 2696 1ationibus
467 2633 671 2697 instituendis
693 2631 920 2716 Lysianaeque
947 2648 1052 2696 amore
1084 2632 1290 2716 degustando.
1336 2631 1427 2708 Quae

254 2741 362 2803 omnia
390 2741 417 2803 si
444 2745 530 2802 reete
558 2740 717 2823 disputata
745 2745 822 2803 sunt
849 2745 940 2823 poeta
966 2745 1138 2804 natusest
1165 2757 1250 2806 anne
1278 2739 1317 2804 ab
1344 2741 1428 2804 urbe

255 2848 382 2911 condita
414 2847 695 2930 septingentesimo
722 2852 846 2923 oetam,
878 2842 962 2910 enno
993 2847 1055 2910 722
1083 2853 1235 2930 quartum
1263 2847 1425 2911 deeimum

254 2955 365 3018 aetatis
392 2961 514 3018 tnnum
544 2954 685 3037 explevit
708 2960 739 3017 et
762 2956 908 3036 sequenti
937 2970 1020 3018 anno
1048 2959 1103 3017 aut
1130 2959 1168 3017 ut
1190 2953 1352 3038 Vergilius
1375 2954 1425 3035 lei.

254 3060 368 3126 Donat.
392 3064 459 3125 vita
481 3061 577 3145 Verg.
601 3063 634 3124 in
663 3060 752 3125 Reiff.
776 3055 863 3126 Suet.
885 3081 915 3146 p.
942 3063 994 3140 55)
1022 3079 1105 3124 anno
1128 3062 1239 3124 aetatis
1258 3059 1331 3124 XV.
1355 3079 1426 3145 pen

254 3175 332 3251 aeto,
351 3169 450 3233 natali
468 3187 539 3249 sno,
558 3174 613 3232 ant
633 3176 670 3231 ut
688 3169 741 3231 alii
759 3170 909 3252 postn'die
928 3167 1006 3231 Idus
1025 3167 1154 3230 Martias
1173 3173 1279 3252 togam
1298 3169 1423 3232 vitilem

254 3275 399 3358 sumpsit.
451 3275 495 3338 Ut
527 3275 587 3337 hoo
619 3275 747 3357 addan,
774 3295 839 3339 non
866 3281 1047 3359 repugnant
1076 3293 1166 3338 meae
1193 3275 1425 3339 ratiocinationi

253 3380 349 3445 verba
376 3380 469 3464 V.1,
498 3382 558 3444 131
588 3382 675 3444 ‘man
704 3381 778 3445 ubt’
823 3381 872 3448 De
899 3398 1047 3466 aponum
1073 3381 1183 3464 eliqua
1209 3384 1426 3466 assignatione

254 3494 327 3554 ante
350 3488 447 3556 verba
467 3488 559 3570 fiunt
581 3508 641 3554 neo
666 3495 809 3556 vetamur
830 3490 895 3554 illis
916 3488 1021 3553 verbis
1044 3493 1150 3555 notam
1175 3491 1423 3573 assignationem

253 3598 329 3660 anni
350 3597 414 3660 713
431 3596 626 3679 intellegere,
648 3615 712 3678 qua
730 3596 894 3680 Vergilius
912 3595 1065 3660 Horatius
1083 3598 1138 3660 alii
1160 3616 1212 3661 res
1235 3617 1312 3662 suas
1333 3597 1425 3662 fami-

253 3703 346 3766 liares
369 3703 583 3786 perdiderunt.
621 3702 730 3766 Potuit
752 3709 849 3787 poeta
868 3709 937 3771 tum
958 3704 1102 3786 quinque
1119 3723 1220 3770 annos
1239 3708 1335 3773 natus
1353 3723 1424 3770 esse

253 3811 297 3872 ita
319 3816 356 3873 ut
377 3829 457 3873 vooe
479 3809 576 3873 ‘mox’
600 3829 717 3873 novem
740 3811 792 3874 vel
816 3811 924 3876 decem
948 3811 1023 3873 anni
1047 3810 1367 3900 eompuehendantur,
1389 3813 1424 3874 in

254 3916 354 4000 elegia
376 3916 416 3979 V.
442 3917 479 3979 11
511 3913 544 3979 in
573 3937 669 3981 versu
699 3915 740 3978 34
764 3912 875 3980 eodem
898 3917 1054 3981 vocabulo
1077 3917 1186 4000 plures
1210 3919 1299 3998 anni,
1329 3937 1425 3982 omne

254 4028 382 4107 tempus
416 4023 505 4106 quod
538 4029 604 4087 erat
633 4025 825 4087 intersitae
852 4025 980 4088 initium
1007 4025 1190 4108 etnnptias
1218 4025 1425 4108 comprensis

254 4130 382 4194 duntur.
1040 4149 1042 4157 ⁸

341 4238 469 4303 Patrem
501 4238 601 4320 prima
633 4237 769 4321 pueritia
801 4239 907 4303 amisit
939 4239 975 4301 of.
1005 4257 1032 4300 v.
1056 4238 1094 4300 V.
1121 4240 1150 4320 1,
1181 4239 1257 4317 1273
1290 4242 1423 4302 matrem

254 4363 329 4408 nero
352 4345 462 4410 habuit
486 4343 687 4427 superstitem
712 4363 797 4407 anno
821 4347 930 4410 aetatis
955 4345 1066 4430 quinto
1090 4345 1221 4425 decimo,
1245 4344 1282 4408 af.
1301 4363 1330 4407 u.
1340 4344 1379 4410 V.
1395 4347 1424 4426 1,
