3074 4788
746 287 964 350 ..34-

273 466 391 530 ditione
411 484 589 532 sermonem
607 464 675 528 fieri
695 467 729 528 in
749 467 889 530 carmine
913 464 937 530 I.
957 466 977 527 6
998 471 1126 546 statues,
1150 467 1288 548 primum
1314 467 1448 550 quidem

270 591 398 637 carmen
422 572 447 638 Ι,
473 574 514 634 14
542 579 615 634 ante
643 589 772 636 carmen
800 573 825 635 l.
851 573 870 634 6
895 573 1049 655 scriptum
1074 589 1143 637 esse
1166 572 1326 653 dicemus,
1356 574 1449 656 quod

267 699 325 764 per
357 699 391 744 se
423 663 498 744 non
521 678 698 745 absurdum
731 686 787 758 est,
819 685 980 762 praeterea
1007 685 1114 744 tamen
1142 677 1254 742 Tullus
1281 678 1447 746 libullum

269 786 514 868 Messallamque
543 787 711 850 comitatus
738 793 831 867 osset,
859 786 1044 870 Propertius
1067 805 1141 848 vero
1165 803 1225 850 nec
1242 784 1362 852 'Tibulli
1385 805 1449 852 neo

268 892 433 956 Messallae
452 897 508 958 aut
526 894 648 956 enricus
667 893 728 956 fuit
751 899 807 956 aut
830 895 970 958 amicum
994 911 1122 958 ecesse
1145 892 1317 956 simulavit.
1368 893 1449 958 Post

269 1001 408 1083 primum
436 999 611 1082 elegiarum
639 999 755 1067 librum
783 999 905 1066 editum
929 1000 1120 1064 Maecenatis
1149 1000 1231 1063 inter
1254 1001 1373 1064 amicos
1397 1019 1448 1064 re·

268 1113 379 1190 ceptus
406 1113 455 1169 est
481 1113 519 1169 ut
546 1108 615 1170 iure
644 1107 761 1190 conligi
789 1107 916 1171 videtur
942 1106 1034 1172 Tullo
1063 1111 1206 1186 auctore,
1234 1121 1309 1170 oum
1337 1113 1447 1172 tomen

270 1215 331 1278 iam
357 1220 429 1278 ante
453 1213 512 1278 hoc
535 1218 661 1297 tempus
685 1213 833 1280 Messalla
856 1233 897 1277 ex
923 1215 999 1280 Asia
1021 1214 1153 1281 rediisse
1180 1213 1371 1280 iudicandus
1395 1215 1447 1278 sit
1520 1262 1521 1270 κ

268 1321 349 1386 Tum
372 1319 484 1386 Tullus
507 1339 591 1384 anuo
617 1321 677 1384 727
704 1320 792 1385 brevi
814 1329 886 1406 post
909 1322 1047 1388 reditum
1070 1341 1168 1386 suum
1192 1340 1314 1384 norum
1332 1322 1393 1387 iter
1412 1323 1447 1384 iu

269 1429 401 1492 eandem
420 1435 535 1492 terram
555 1428 640 1492 unde
659 1429 804 1492 rediisset
821 1431 1016 1496 instituisset
1032 1429 1069 1492 of.
1088 1428 1140 1492 Pr.
1159 1443 1210 1490 vv.
1228 1426 1253 1491 I.
1274 1429 1302 1508 1,
1322 1429 1447 1510 eesqq.

268 1543 300 1599 et
318 1555 342 1598 o.
363 1535 418 1602 IV.
440 1536 490 1597 22.
529 1535 565 1598 ln
585 1536 665 1598 Asia
682 1535 743 1598 luit
761 1555 837 1598 cum
856 1536 1041 1620 Propertius
1060 1554 1188 1603 carmen
1207 1534 1248 1598 II.
1270 1535 1287 1596 7
1307 1535 1447 1618 scripsit

268 1661 347 1706 ev.
374 1643 414 1706 18
443 1642 502 1710 boc
531 1641 662 1726 conligo.
709 1640 856 1726 Denique
883 1644 942 1708 bac
970 1643 1227 1734 interpretatione
1248 1640 1388 1710 ‘anteire'
1414 1649 1447 1704 et

268 1748 391 1832 ‘patrui’
420 1767 485 1810 non
513 1755 597 1816 recte
620 1749 733 1815 tradita
757 1755 949 1834 apparerent.
995 1749 1067 1814 Hoc
1090 1756 1197 1814 tamen
1220 1747 1386 1816 Messallae
1410 1750 1446 1812 in

268 1857 433 1922 Graeciam
465 1857 525 1919 iter
553 1863 677 1938 praeter
703 1856 809 1922 Crassi
836 1859 870 1922 in
894 1856 1013 1922 Moesia
1041 1855 1160 1922 bellum
1188 1856 1255 1920 sola
1281 1855 1446 1939 expeditio
1521 1889 1522 1920 ι

269 1964 333 2028 illis
356 1961 552 2047 temporibus
575 1962 657 2028 lacta
680 1972 730 2028 est
748 1967 842 2030 cuius
860 1965 1013 2030 memoria
1031 1963 1070 2028 ad
1089 1981 1148 2026 nos
1166 1964 1354 2046 pervenerit,
1377 1963 1446 2026 sola

269 2073 364 2136 cuius
384 2072 444 2136 boc
462 2069 618 2153 Propertii
637 2071 707 2134 loeo
727 2075 845 2136 mentio
864 2072 932 2136 fieri
951 2071 1095 2154 potuisse
1114 2069 1267 2134 videatur.
1305 2069 1443 2134 Carmen

268 2178 294 2241 Ι.
319 2179 338 2240 6
362 2179 466 2261 potuit
488 2183 561 2259 post
583 2195 710 2242 carmen
734 2177 759 2239 1.
786 2179 835 2258 14,
858 2193 924 2243 nou
947 2178 1051 2260 potuit
1074 2183 1215 2260 tempore
1237 2177 1362 2243 discidii
1388 2183 1446 2242 aut

269 2290 378 2368 postea
411 2283 513 2348 scribi.
564 2283 648 2366 Ergo
682 2290 738 2350 eut
770 2284 942 2350 Volcacius
973 2285 1078 2348 fratris
1110 2283 1176 2346 filio
1197 2285 1380 2351 <comitante
1413 2289 1445 2350 et

269 2391 416 2456 Messalla
438 2391 562 2454 Tibullo
591 2391 761 2458 comitante
790 2392 901 2458 eodem
929 2391 994 2456 iere
1017 2399 1157 2474 tempore
1180 2390 1313 2456 eandem
1337 2396 1381 2462 ut·
1397 2392 1444 2454 vi·
1522 2390 1523 2458 l

270 2499 362 2562 detur
394 2498 434 2561 ob
467 2517 596 2562 causam
625 2498 758 2562 eandem
787 2499 820 2560 in
849 2505 964 2564 terram
994 2497 1124 2581 profecti
1157 2503 1236 2560 sunt
1266 2503 1299 2561 et
1329 2498 1442 2562 eodem
1522 2513 1523 2518 ’

269 2611 411 2688 tempore
439 2606 616 2686 redierunt,
643 2611 809 2689 praesente
837 2606 922 2670 enim
945 2604 1037 2668 'Pullo
1066 2606 1190 2668 minore
1213 2623 1342 2671 carmen
1365 2604 1444 2668 Pro-

269 2712 361 2794 pertii
388 2713 528 2795 primum
557 2713 711 2795 scriptum
735 2717 795 2794 est,
823 2718 879 2778 aut
902 2713 990 2795 prius
1012 2711 1096 2774 Tulli
1119 2714 1178 2776 iter
1200 2712 1351 2778 carminis
1374 2710 1399 2775 I.
1423 2711 1442 2771 6

269 2825 409 2902 tempore
438 2819 679 2903 suscipiendum
708 2829 894 2902 susceptum
923 2837 989 2885 uon
1018 2824 1073 2883 est.
1120 2817 1193 2882 Duo
1221 2820 1306 2884 enim
1329 2819 1443 2882 itinera

269 2925 437 2990 statuenda
461 2932 538 2992 sunt
561 2930 592 2989 et
615 2925 735 2991 Burtbii
758 2927 940 3009 opinionem
963 2946 1029 3008 qua
1052 2927 1115 2991 duo
1132 2926 1217 2996 Tulli
1240 2926 1357 2990 diversi
1376 2945 1442 2990 car-

269 3032 412 3100 minibus
440 3033 548 3098 donati
577 3039 652 3098 sunt
679 3053 697 3096 a
721 3032 883 3115 Propertio
912 3035 990 3112 (vita
1017 3032 1068 3098 Pr.
1101 3051 1158 3116 per
1189 3052 1290 3099 anuos
1322 3032 1442 3115 digesta

270 3161 299 3222 p.
320 3142 376 3226 80)
395 3140 539 3206 refellere
563 3141 762 3223 supersedeo.
814 3139 858 3204 Ut
881 3141 983 3204 dicam
1007 3140 1093 3223 quod
1117 3140 1220 3204 sentio
1244 3141 1390 3222 suspicor
1407 3137 1441 3202 L.

269 3246 418 3312 Volcacio
440 3246 532 3310 'Pullo
561 3248 722 3314 consulari
750 3267 819 3312 eam
848 3247 1084 3331 expeditionem
1109 3265 1206 3330 quam
1230 3245 1379 3310 Messalla
1399 3265 1442 3310 ex

270 3351 373 3418 Gallia
399 3354 573 3435 Aquitanis
602 3353 740 3418 subactis
768 3371 917 3420 reversus
945 3356 1088 3438 suscepit
1117 3354 1356 3436 ‚suscipiendam
1388 3354 1441 3418 ad·

270 3459 382 3522 dictam
406 3459 507 3523 fuisse
531 3480 595 3524 non
619 3466 725 3526 tamen
751 3460 791 3524 ab
815 3481 851 3526 eo
876 3469 1056 3544 susceptam
1080 3479 1164 3540 esse,
1189 3461 1245 3525 sed
1258 3467 1441 3544 utrumque

268 3564 396 3631 Tullum
421 3564 539 3630 Romae
563 3568 721 3632 mansisse
745 3575 776 3630 et
798 3567 926 3633 Tullum
950 3570 1107 3634 minorem
1130 3567 1279 3632 Messalla
1302 3585 1343 3632 ex
1364 3569 1440 3632 Asia

269 3691 397 3738 reverso
421 3692 494 3738 oum
519 3675 613 3738 sociis
637 3673 831 3757 quibusdem
854 3677 914 3739 iter
936 3676 1005 3739 sive
1028 3676 1208 3742 studiorum
1235 3674 1439 3740 honestorum

270 3781 338 3846 sive
362 3780 532 3863 voluptatis
556 3801 652 3846 eausa
675 3784 856 3864 suscepisse
878 3784 912 3846 in
929 3784 1041 3848 Asiam
1061 3785 1227 3848 minorem.
1263 3779 1338 3844 Non
1355 3783 1439 3846 eninr

269 3888 365 3952 armis
389 3895 445 3952 out
467 3888 549 3952 bello
567 3887 696 3952 Tullum
720 3895 782 3954 tam
808 3889 928 3954 multos
951 3910 1051 3954 anuos
1075 3890 1180 3972 (lyrici
1205 3907 1288 3974 quos
1312 3888 1441 3972 degebat

269 3993 419 4060 tribuisse
444 4015 572 4060 carmen
591 3995 645 4058 IV.
667 3997 708 4058 22
733 4015 797 4060 non
821 3996 954 4061 obscure
977 3998 1076 4064 docet
1111 3997 1267 4063 Eiusdem
1292 3997 1440 4060 carminis

268 4119 382 4166 versus
406 4104 540 4166 extremi
563 4102 608 4164 illi
631 4104 832 4168 coniecturae
856 4106 979 4187 egregie
1002 4105 1111 4168 lavent
1134 4104 1170 4168 of.
1195 4123 1224 4166 v.
1247 4101 1303 4166 IV.
1329 4103 1381 4183 22,
1398 4103 1438 4166 40

269 4228 343 4275 cum
367 4221 396 4271 v,
420 4208 444 4270 Ι.
470 4209 498 4288 6,
524 4210 574 4270 34.
621 4207 669 4272 De
697 4211 818 4292 origiue
845 4215 902 4274 eut
927 4216 1068 4293 tempore
1091 4211 1212 4274 itineris
1235 4229 1254 4274 a
1276 4208 1438 4292 Propertio

268 4317 302 4378 in
327 4317 467 4386 carmine
491 4315 515 4376 I.
543 4315 581 4376 17
607 4317 746 4379 execrati
771 4317 850 4380 nibil
873 4319 1002 4385 scimus.
1048 4316 1232 4386 Periculum
1257 4311 1302 4384 de¹
1319 4317 1437 4398 quoin
