3074 4788
570 288 789 349 „41-

90 471 110 532 9
132 474 164 532 et
185 468 236 548 17)
261 465 423 530 absentem
448 467 510 528 nisi
533 465 681 548 operibus
702 467 773 528 suis
791 464 923 528 etfama
941 468 1051 547 poetae
1069 482 1132 526 non
1152 467 1265 526 notum

87 577 193 640 fuisse
224 580 312 658 puto.
366 572 483 638 Tibulli
515 578 622 636 tamen
654 572 853 655 Propertium
885 590 943 655 per
974 570 1102 653 aliquod
1138 575 1265 652 tempus

88 683 233 746 amicum
265 681 365 744 fuisse
398 697 594 763 quamquam
627 697 790 763 nusquam
823 678 957 744 traditur
990 677 1141 761 suspicor.
1183 676 1265 740 Nam

86 801 131 853 ns
156 787 306 852 Ovidium
335 787 465 872 quidem
478 848 481 861 ,
495 806 639 870 unquam
668 787 807 850 amicum
840 803 937 850 suum
966 789 1073 866 vocat,
1100 803 1165 848 non
1195 804 1266 849 ver·

87 895 130 959 bo
164 895 336 958 amicitiam
367 895 493 959 indicat.
549 892 672 958 Deinde
698 892 873 957 nonnullos
902 892 1032 975 quidem
1059 896 1168 974 poetas
1202 893 1265 956 sin-

86 1001 178 1086 gulis
197 1002 249 1066 vel
268 1001 486 1085 compluribus
511 999 705 1066 carminibus
726 1000 912 1082 adloquitur
931 999 987 1062 sed
1005 999 1037 1060 hi
1057 1004 1134 1063 sunt
1155 1004 1266 1083 poetae

85 1109 250 1174 inferioris
275 1114 389 1189 notae,
422 1109 589 1193 scriptores
618 1108 656 1173 de
690 1107 808 1191 quibus
838 1107 991 1190 gloriatur
1013 1127 1064 1168 vr.
1088 1105 1144 1168 IV.
1170 1107 1198 1188 1,
1224 1107 1264 1168 12

87 1237 160 1300 sqq.
206 1215 269 1280 Ubi
292 1235 367 1280 vero
392 1215 507 1280 Catulli
532 1215 619 1279 Calvi
644 1215 726 1278 Galli
749 1214 903 1278 Varronis
925 1214 1121 1278 mentionem
1139 1212 1214 1276 facit
1230 1213 1264 1276 in

85 1343 142 1385 vr.
167 1322 227 1386 ΠΙ.
252 1324 304 1405 34,
327 1323 369 1385 85
393 1342 462 1406 sqq.
483 1324 535 1404 25,
558 1324 579 1385 4
602 1342 668 1388 non
691 1323 795 1406 potuit
815 1321 977 1386 Tibullum
1001 1338 1264 1397 commemorare,

85 1430 137 1492 iili
166 1431 251 1495 enim
277 1431 343 1492 iam
375 1431 495 1494 mortui
522 1436 626 1511 erant,
658 1431 778 1494 amicae
805 1428 951 1492 laudatae
979 1433 1083 1508 erant,
1110 1426 1163 1489 hio
1189 1444 1265 1490 vero
1322 1515 1324 1518 y

87 1537 200 1602 adhuc
221 1538 306 1601 inter
329 1537 421 1600 vivos
444 1542 518 1600 erat.
554 1535 631 1600 Tam
657 1537 740 1600 inter
763 1556 797 1600 se
819 1536 989 1600 familiares
1013 1555 1110 1618 quarn
1133 1533 1266 1617 Proper-

85 1647 156 1708 tius
184 1649 217 1708 et
242 1643 405 1726 Vergilius
434 1648 490 1708 aut
517 1644 703 1728 Propertius
731 1650 762 1709 et
790 1642 926 1708 Ovidius
952 1643 1086 1707 fortasse
1112 1661 1153 1706 ne
1177 1646 1266 1706 erant

86 1751 232 1834 quidem,
251 1751 325 1815 nar'n
344 1751 457 1816 eodem
475 1751 540 1815 fere
559 1757 700 1835 tompore
714 1753 749 1814 in
765 1751 877 1816 eodem
897 1751 973 1814 artis
991 1750 1132 1834 poeticae
1149 1767 1265 1833 genere

85 1858 229 1942 palmam
258 1857 458 1941 adpetebant,
481 1859 610 1942 paribus
637 1859 702 1924 fere
729 1858 861 1923 viribus.
906 1857 990 1921 Nam
1019 1857 1207 1940 Propertius
1234 1861 1266 1920 ot

84 1963 234 2028 Tibullus
267 1984 338 2028 eam
362 1965 402 2028 ob
426 1985 555 2032 oausam
587 1967 710 2030 inimici
741 1966 832 2030 nullo
865 1965 958 2029 modo
992 1970 1165 2048 potuerunt
1193 1982 1264 2028 esse

87 2073 169 2155 quia
185 2072 264 2136 alter
282 2073 417 2138 alterum
435 2092 501 2138 non
515 2093 586 2137 raro
600 2073 753 2140 imitando
768 2073 935 2157 expressit,
952 2073 1138 2136 inimicitiae
1153 2077 1263 2136 antem
1402 2095 1403 2098 ¹

86 2185 213 2244 certum
232 2181 408 2264 vestigium
422 2181 457 2244 in
476 2181 624 2246 neutrius
643 2180 839 2246 carminibus
855 2199 993 2263 usquam
1008 2179 1262 2263 deprehenditur.

84 2285 204 2350 Totum
228 2305 357 2352 versum
381 2289 565 2372 Propertius
585 2307 603 2353 e
620 2288 744 2353 Tibullo
763 2289 832 2371 ipso
851 2288 926 2350 vivo
946 2287 1126 2371 desumpsit
1142 2287 1179 2352 cf.
1197 2286 1262 2350 Tib.

86 2415 119 2458 v.
138 2393 165 2456 I.
184 2396 215 2476 8,
232 2395 275 2457 45
299 2400 331 2459 et
352 2395 405 2459 Pr.
423 2417 452 2458 r.
471 2396 528 2459 IV.
549 2397 600 2477 25,
625 2396 679 2460 13:

248 2519 329 2592 Tib:
348 2521 469 2586 ‘tollere
491 2528 561 2586 turn
585 2541 662 2584 cura
685 2526 734 2584 est
757 2519 846 2584 albos
869 2542 888 2584 a
911 2521 1007 2604 stirpe
1031 2518 1178 2603 capillos’

250 2626 314 2690 Pr:
339 2629 465 2693 ‘vellere
486 2635 557 2692 tum
580 2629 690 2712 cupias
714 2626 803 2692 albos
827 2649 846 2692 a
868 2629 965 2712 stirpe
987 2625 1136 2712 capillos!

85 2751 151 2815 alia
171 2753 358 2816 imitationis
382 2754 517 2837 vestigia
540 2751 736 2838 praebebunt
758 2773 809 2819 vr.
834 2753 886 2817 Pr.
906 2754 930 2817 Ι.
957 2755 985 2836 5,
1007 2755 1058 2834 14,
1079 2750 1145 2815 Tib.
1170 2751 1213 2815 Il.
1234 2751 1263 2832 6,
1389 2791 1391 2798 ι

90 2859 150 2936 12,
173 2858 225 2922 Pr.
250 2859 274 2922 I.
298 2861 327 2942 6,
352 2861 380 2942 5,
402 2859 466 2924 Tib.
490 2860 515 2924 I.
542 2861 571 2942 1,
590 2862 646 2939 55,
670 2859 721 2924 Ρ1.
745 2860 770 2923 Ι.
795 2862 824 2941 9,
844 2862 885 2925 23
902 2881 957 2945 sq,
978 2859 1044 2923 Tib.
1068 2858 1093 2922 I.
1118 2862 1147 2936 8,
1173 2859 1261 2941 qu.;

86 2965 142 3028 Pr.
170 2964 195 3027 1.
221 2967 271 3047 13,
295 2969 336 3030 33
361 2986 416 3050 sq,
439 2965 503 3030 Tib.
533 2967 557 3030 1.
582 2970 611 3042 8,
631 2968 671 3030 47
693 2989 753 3052 sq.;
782 2967 832 3032 Pr.
857 2967 898 3031 Π.
924 2969 952 3049 2,
979 2968 1073 3049 1-2,
1094 2964 1160 3029 Tib.
1183 2965 1208 3037 Ι.
1233 2967 1263 3046 5,

90 3075 192 3153 1-2,
212 3073 262 3137 Pr.
286 3073 345 3137 III.
371 3073 421 3157 10,
446 3075 496 3156 18,
523 3072 588 3137 Tib.
611 3074 654 3137 II.
679 3076 708 3156 4,
732 3075 788 3154 26,
813 3074 863 3139 Ρ1.
887 3075 947 3138 III.
973 3076 1024 3157 14,
1048 3075 1086 3136 27

250 3199 316 3263 ‘has
343 3218 426 3282 pono
456 3205 528 3263 ante
556 3205 643 3280 tuas,
670 3199 741 3282 tibi,
770 3201 844 3264 diva
866 3199 1052 3283 Propertius
1080 3200 1173 3264 aedes

372 3307 518 3387 exuvias,
541 3311 605 3369 tota
628 3314 720 3372 nocte
743 3313 890 3390 receptus
914 3305 1044 3371 amans?

84 3432 195 3493 iocose
232 3435 263 3494 et
293 3430 455 3496 Tibullum
493 3432 656 3498 lenissime
694 3451 825 3516 carpens
859 3433 910 3496 vel
942 3433 1058 3497 ludens
1091 3434 1148 3516 qni
1180 3433 1263 3495 dixit

84 3535 364 3622 WLQfflm

247 3662 340 3726 ‘hanc
367 3661 424 3728 tibi
450 3665 554 3728 fallaci
580 3664 743 3730 resolutus
770 3683 876 3728 amore
904 3663 1048 3728 Tibullus

293 3769 416 3834 dedicat
439 3776 470 3835 et
491 3777 581 3856 grata
603 3773 648 3837 sis
671 3772 731 3836 dea
752 3776 859 3836 mente
882 3772 989 3856 rogat'

84 3894 182 3977 Prop.
209 3894 268 3958 111.
295 3896 346 3977 11,
375 3897 426 3979 23,
452 3895 517 3960 nb.
540 3897 567 3960 1.
594 3900 621 3979 1,
650 3897 708 3972 aa
736 3897 787 3961 rr.
813 3897 870 3960 111.
897 3898 960 3979 15,.
977 3898 1092 3982 25sq,
1113 3897 1179 3962 nn.
1203 3898 1259 3961 11.

86 4003 117 4082 5,
146 4001 261 4085 15sq.;
290 4001 341 4065 rr.
366 4001 424 4066 nr.
450 4003 712 4086 13431111.
738 4006 766 4085 1,
792 4006 847 4082 123
872 4003 922 4068 Pr.
946 4004 1006 4068 m.
1035 4007 1088 4089 22,
1117 4007 1167 4088 rs,
1194 4006 1260 4070 no.

85 4109 111 4172 l.
139 4111 170 4190 4,
195 4110 250 4189 70,
283 4109 376 4193 Prop.
404 4109 461 4192 IV,
493 4112 521 4192 l,
549 4111 600 4187 22,
627 4109 693 4175 Tib.
721 4110 764 4174 ΙΙ,
793 4113 822 4193 6,
852 4113 907 4192 22,
941 4110 1035 4196 Prop.
1063 4113 1121 4195 IV,
1150 4116 1179 4196 5,
1209 4117 1261 4198 24,

84 4215 150 4279 Tib.
175 4215 217 4280 II.
243 4219 271 4298 2,
291 4219 347 4296 20,
371 4216 423 4280 Ρ1.
447 4217 502 4282 IV.
528 4219 557 4299 6,
581 4220 633 4300 32,
654 4217 717 4283 Tib.
742 4219 767 4282 I.
793 4222 823 4300 9,
846 4221 880 4299 4,
909 4219 960 4282 Ρ1.
984 4219 1039 4283 IV.
1065 4221 1095 4301 9,
1118 4223 1170 4301 49,
1192 4221 1259 4285 Tib.

86 4322 127 4388 Π.
154 4324 184 4404 5,
213 4324 254 4388 25
282 4331 314 4388 31
343 4325 399 4405 55,
427 4324 478 4388 Pr.
502 4325 557 4388 IV.
589 4326 640 4408 15,
664 4328 694 4408 2,
720 4325 783 4390 Tib.
812 4326 837 4390 Ι.
863 4328 972 4409 2,·76,
1001 4327 1053 4390 Ρ1.
1076 4327 1132 4392 IV.
1158 4328 1259 4407 2114,
