3074 4788
592 252 811 316 ..15-

119 432 214 514 quasi
237 449 323 496 nova
344 433 437 512 μῆνις
454 427 607 509 Ἀχιλλέως
631 435 781 496 secutura
804 430 859 510 sit,
882 447 941 518 uec
973 428 1068 494 deum
1101 434 1157 494 aut
1180 447 1290 494 musas

10 597 14 605 .
121 537 256 600 advocat
279 536 334 600 sed
356 556 391 602 se
414 539 529 621 ipsum.

208 660 297 738 Quae
316 663 510 746 horoscopus
530 662 569 726 de
587 662 743 745 Propertii
764 663 828 725 vita
850 661 976 745 profert,
998 679 1109 724 eorum
1134 661 1290 745 quaedam

118 769 325 834 consentiunt
357 789 431 832 oum
463 770 503 834 iis
537 788 619 852 quae
652 769 722 833 ahie
750 770 829 832 locis
857 767 896 832 ab
922 770 993 852 ipso
1016 768 1179 852 Propertio
1208 769 1291 832 diota

118 877 313 961 reperimus,
345 875 381 942 cf.
414 895 465 938 vv.
492 877 554 940 125
583 897 629 960 sq.
662 882 694 941 et
724 893 776 937 vr.
806 875 848 937 65
877 893 933 960 sq,
966 876 1110 940 eiusdem
1142 877 1292 940 carminis

118 1003 171 1049 rv.
202 984 376 1047 121-124
410 983 544 1048 scribare
576 988 698 1067 poterat
730 983 786 1066 qui
818 983 937 1066 legerat
964 1001 1015 1045 vv.
1043 983 1069 1046 1.
1099 984 1199 1065 22,9
1229 1002 1289 1065 sq.;

118 1107 171 1151 vv.
198 1091 260 1152 135
280 1109 349 1174 sqq.
372 1096 519 1175 poterant
542 1109 584 1154 ex
607 1092 745 1154 carmine
764 1088 821 1151 IV.
842 1091 861 1151 3
885 1089 1019 1168 hauriri3
1044 1109 1095 1153 vv.
1118 1087 1290 1153 135-146

118 1198 190 1260 sine
213 1195 309 1260 dubio
338 1198 441 1281 ipsius
464 1197 622 1281 Apollinis
651 1204 728 1261 sunt
750 1195 861 1277 rerba,
889 1197 1083 1280 horoscopus
1112 1199 1197 1261 enim
1225 1216 1291 1259 non

119 1304 226 1367 solum
253 1305 322 1387 ipse
345 1305 535 1369 vaticinatur
563 1304 618 1367 sed
646 1305 741 1368 etiam
766 1304 898 1368 deorum
926 1305 1075 1368 vaticinia
1103 1306 1176 1386 scit,
1203 1323 1292 1388 prae-

118 1413 213 1474 terita
239 1412 406 1490 nimirum3
435 1413 530 1475 etiam
558 1430 609 1473 vv,
624 1411 808 1472 1143-146
836 1414 983 1494 poterant
1010 1413 1223 1475 consarcinari
1250 1429 1292 1474 ex

120 1518 280 1581 similibus
308 1518 464 1603 Propertii
491 1519 578 1581 locis.
630 1515 737 1580 Nihilo
769 1517 879 1580 minus
911 1518 966 1582 ille
996 1518 1163 1602 gloriatur:
1192 1517 1293 1580 ‘vides

122 1631 242 1708 quanta
265 1627 326 1689 sim
349 1625 412 1690 ilde
436 1624 572 1709 dignus'.
617 1623 710 1688 Nova
733 1624 890 1708 quaedam
914 1645 965 1687 vv.
989 1625 1051 1687 122
1076 1645 1145 1709 sqq.
1169 1625 1293 1689 addun-

120 1742 175 1796 tur
198 1751 281 1816 quae
304 1733 501 1816 horoscopus
524 1731 674 1796 facillime
697 1753 716 1794 a
743 1731 886 1814 quolibet
915 1733 1043 1796 homine
1064 1737 1185 1816 poterat
1208 1751 1292 1795 oom—

120 1841 233 1923 perire.
271 1839 394 1902 Multus
419 1844 466 1903 est
488 1840 523 1902 in
541 1838 698 1922 Propertii
716 1839 889 1920 amoribus,
913 1840 1032 1923 quippe
1055 1841 1112 1922 qui
1136 1839 1293 1903 uberrime

122 1951 233 2029 poetae
266 1945 459 2010 carminibus
492 1946 641 2030 descripti
673 1953 704 2010 et
737 1947 901 2029 omnibus,
938 1947 1122 2031 horoscopis
1155 1965 1292 2030 quoque,

121 2055 189 2117 noti
213 2059 309 2118 erant.
356 2056 424 2118 Aut
447 2059 553 2118 tamen
576 2049 668 2116 fallor
690 2059 746 2118 aut
768 2060 859 2138 poeta
883 2055 940 2138 qui
962 2055 997 2116 in
1019 2053 1084 2118 flne
1105 2055 1293 2120 anteceden-

121 2162 164 2224 tis
187 2160 260 2224 libri
279 2160 448 2242 Cynthium
468 2162 631 2226 dimiserat
653 2161 687 2224 in
706 2161 799 2225 corde
819 2181 878 2225 suo
902 2162 933 2226 ai
950 2161 1174 2226 reconciliatus
1192 2167 1241 2224 est
1262 2165 1294 2224 et

123 2268 230 2332 denno
253 2269 383 2332 Amoris
409 2267 480 2332 telis
506 2269 675 2349 laceratur,
698 2288 750 2330 vv.
777 2269 837 2330 141
864 2288 910 2352 sq.
934 2269 969 2330 in
995 2267 1077 2332 hunc
1105 2269 1292 2332 sententiam

122 2375 374 2458 interpretandos
405 2393 474 2439 esse
505 2381 591 2459 puto.
651 2374 799 2439 Fortasse
830 2379 937 2439 certus
968 2375 1084 2458 aliquis
1116 2376 1293 2459 asbulogus

123 2483 347 2566 perstringitur
364 2489 474 2565 poetae
492 2482 643 2546 inimicus
662 2481 818 2563 Cynthiae
836 2501 901 2545 norr
921 2482 1061 2564 ignotus,
1084 2483 1140 2564 qui
1161 2482 1294 2546 fortasse

123 2605 198 2652 vere
221 2589 330 2672 aliquo
353 2593 495 2672 tempore
516 2589 626 2655 futuru
647 2590 778 2673 utrique
800 2589 979 2673 praedicare
1000 2591 1112 2654 iussus
1134 2594 1214 2671 erat,
1237 2591 1293 2673 qui

123 2701 231 2759 tamen
254 2696 322 2760 sire
346 2695 412 2759 solo
432 2696 601 2780 'horoscopi
620 2697 688 2761 sive
707 2697 804 2761 etiam
827 2695 951 2760 lenonis
970 2715 1103 2760 munere
1122 2716 1203 2761 usus
1217 2696 1293 2760 Pro-

123 2803 262 2886 pertium
289 2802 437 2884 laeserat,
470 2822 565 2885 quem
594 2809 691 2886 ¹poeto
721 2811 760 2868 ut
790 2803 895 2868 lenam
924 2804 1038 2887 quinto
1066 2805 1207 2867 carmine
1228 2821 1293 2866 non
1364 2799 1366 2810 ’

124 2909 254 2992 quidem
287 2908 542 2973 execrationibus
573 2914 605 2973 et
636 2909 911 2975 maledictionibus
949 2910 1006 2974 sed
1036 2909 1181 2974 ludibriis
1213 2911 1293 2973 ulci-

126 3017 232 3079 scitur.
265 3014 384 3100 Lepide
407 3017 534 3080 undem
557 3017 752 3102 horoscopus
775 3019 810 3080 in
832 3016 896 3080 fine
919 3017 1070 3080 carminis
1093 3018 1199 3100 ipsum
1214 3019 1294 3080 vati·

126 3124 249 3186 oinium
268 3141 334 3186 uno
356 3141 454 3188 versu
477 3121 621 3208 adiungit
643 3123 744 3188 tribus
768 3129 874 3187 tamen
897 3123 1045 3188 versibus
1068 3124 1156 3188 inani
1178 3143 1295 3208 pompa

122 3231 320 3314 praemissis:

283 3360 329 3418 ‘tu
352 3355 504 3439 octipedis
524 3356 628 3419 cancri
650 3361 739 3440 terga
761 3356 889 3419 sinislra
912 3355 1009 3437 time',

123 3461 311 3524 vaticinium
334 3461 439 3527 hercle
461 3463 522 3527 hoc
544 3469 616 3526 rate
639 3463 781 3546 dignum.
817 3461 927 3528 Potest
947 3463 1000 3526 hic
1022 3481 1097 3526 cum
1119 3461 1237 3526 limsia
1259 3465 1293 3525 in

123 3567 250 3632 Horatii
273 3569 368 3634 satira
390 3570 433 3634 Π.
458 3571 477 3633 5
502 3571 620 3634 dicare:

285 3692 321 3756 ιΟ
345 3693 508 3760 Laertiade
532 3694 686 3778 quicquid
710 3694 812 3757 dicam
836 3699 891 3756 aut
914 3695 973 3758 erit
995 3699 1147 3777 autnon,

287 3801 429 3866 divinare
453 3803 570 3867 etenim
593 3820 730 3884 magnus
753 3799 832 3864 mihi
856 3801 951 3864 donat
972 3801 1107 3885 Apollo'.

125 3924 191 3988 Cur
212 3926 274 3988 hoc
296 3945 422 3991 carmen
450 3929 485 3991 iu
513 3928 728 4011 suspicionem
757 3945 909 3989 vocemus
938 3930 993 3989 aut
1021 3945 1079 3989 our
1105 3945 1170 3990 uon
1196 3925 1292 3990 fidem

124 4031 301 4096 habeamus
333 4034 490 4117 ushulogo
524 4033 664 4098 narranti
695 4034 793 4096 vitam
826 4031 983 4116 Propertii
1014 4033 1214 4116 praeteritam
1241 4032 1294 4094 vel

124 4139 232 4222 potius
255 4146 367 4223 poetae
391 4161 479 4206 suam
505 4141 616 4224 ipsius,
639 4158 769 4223 prorsus
792 4139 883 4204 nulla
904 4141 1060 4223 reperitur
1083 4158 1186 4202 causa.

214 4264 284 4328 Iam
307 4266 429 4338 lubrica
452 4266 491 4330 de
511 4285 595 4330 auno
617 4271 727 4349 poetae
747 4263 843 4328 natali
863 4265 1006 4348 quaestio
1025 4263 1220 4328 instituenda
1235 4268 1292 4325 ast.
