3074 4788
587 307 807 370 ..71-

111 487 211 552 tlcbili
234 493 266 550 et
287 487 373 570 turpi
396 487 518 550 ratione
540 485 663 569 sepulta
686 490 743 567 eat,
769 484 825 548 illa
846 485 960 548 merita
980 484 1058 548 haec
1081 503 1145 548 non
1168 485 1282 550 merita

111 598 164 674 (ut
184 599 296 677 poetae
319 593 450 677 quidem
473 593 623 658 carminis
645 598 787 676 tempore
809 591 989 674 videbatur)
1011 589 1098 656 illam
1120 595 1281 656 mortuam

111 701 287 764 detestatur
312 705 403 784 poeta
431 700 514 766 hanc
535 700 749 783 pulcherrimo
777 701 917 764 carmine
940 696 1049 762 laudat
1069 697 1280 781 celebratque.

109 805 250 872 Mediam
278 807 377 871 totius
404 806 476 872 libri
504 807 611 872 sedem
639 806 753 890 Apollo
786 812 919 891 occupat
946 804 1112 870 Palatinus
1145 805 1281 888 eiusque

109 911 231 978 Romae
257 914 349 998 regni
375 919 562 998 procreator
588 917 767 996 Augustus.
818 913 933 978 Moneo
961 913 1056 978 etiam
1084 931 1149 978 non
1175 911 1281 978 solum

111 1019 288 1086 Corneliam
315 1021 494 1104 horoscopo
522 1019 727 1104 respondere,
759 1020 814 1084 sed
843 1020 975 1084 eandem
1004 1019 1099 1084 etiam
1128 1015 1281 1098 Cynthiae

109 1131 264 1208 mortuae,
282 1133 419 1210 utraque
437 1127 523 1192 enim
543 1145 560 1191 e
580 1125 725 1210 sepulcro
745 1127 851 1192 extitit
868 1126 943 1192 fidei
962 1144 1039 1190 suae
1054 1143 1167 1208 praeco
1179 1124 1281 1192 uisa-

110 1234 243 1316 tissima,
261 1253 321 1298 nec
338 1233 410 1298 lena
424 1232 580 1314 Cynthiae
599 1233 707 1298 solum
724 1235 895 1317 respondet
912 1233 969 1300 sed
988 1233 1084 1298 etiem
1096 1233 1282 1315 horoscopo,

109 1347 247 1424 uterque
269 1344 379 1425 poetae
401 1341 553 1406 inimicus
576 1346 652 1423 erat,
679 1347 855 1425 utrumque
877 1344 969 1424 poeta
992 1339 1171 1421 ulciscitur,
1192 1338 1281 1404 illam

109 1449 298 1528 detestatur,
326 1447 413 1512 hunc
441 1448 559 1512 irridet.
604 1447 673 1512 Nec
700 1447 963 1532 temporahuius
986 1445 1116 1510 libriin
1139 1445 1281 1514 diversas

108 1559 215 1638 partes
243 1553 420 1620 discedunt.
466 1552 530 1630 Qui
557 1573 631 1620 cum
654 1553 859 1620 Lachmanno
887 1560 918 1620 et
939 1552 1149 1636 Hertzbergic
1178 1552 1281 1620 diver-

109 1663 246 1730 sissimis
264 1662 343 1726 haec
360 1661 502 1726 carmina
519 1660 717 1745 temporibus
740 1663 857 1745 scriptu
879 1679 957 1742 esse,
981 1661 1037 1744 qui
1060 1665 1184 1743 poetam
1208 1665 1281 1727 autc

110 1767 265 1849 Cynthiae
293 1786 433 1832 amorem
460 1770 726 1836 reamissasacra
749 1767 880 1850 diesque
903 1773 959 1831 aut
981 1785 1094 1834 canere
1117 1767 1152 1830 in
1175 1766 1281 1843 animo

109 1874 259 1940 habuisse
282 1875 425 1941 iudicant
448 1875 540 1942 valde
564 1882 677 1942 errant.
724 1874 816 1950 Quod
841 1873 1025 1958 Propertius
1053 1871 1220 1957 profitetur
1247 1890 1281 1938 se

108 1981 149 2046 ab
176 1982 325 2066 Apolline
353 2003 372 2046 a
399 1982 611 2048 severioribus
639 1981 752 2046 studiis
784 1986 968 2046 revocatum
1001 1999 1071 2046 esso
1103 1999 1153 2042 rr.
1184 1978 1221 2040 V.
1253 1983 1282 2060 1,

112 2090 175 2152 135
195 2109 263 2173 sqq.
301 2089 353 2154 vel
384 2091 522 2154 somniat
549 2108 584 2154 se
611 2088 708 2156 Ennii
746 2088 933 2172 exemplum
970 2093 1118 2152 secutum
1150 2085 1281 2150 annales

109 2215 300 2280 componere
327 2200 424 2279 atque
451 2195 618 2262 aPhoebo
646 2202 677 2260 et
705 2195 842 2279 Calliope
870 2196 970 2260 velari
996 2196 1046 2260 his
1072 2193 1168 2262 rebus
1195 2193 1280 2258 diem

109 2309 222 2386 tenere,
244 2304 322 2370 haec
344 2323 409 2368 non
432 2304 534 2388 ipsius
558 2309 644 2384 sunt,
667 2303 722 2368 sed
742 2301 927 2370 Callimachi
946 2303 1057 2368 ,αἰτίων
1079 2301 1280 2385 prooemium

109 2411 254 2476 imitatus
277 2416 326 2476 cst
348 2409 385 2474 ci
409 2409 593 2476 Schneiden'
616 2409 736 2474 Callim.
760 2409 802 2475 II.
825 2429 854 2492 p.
880 2409 920 2478 36
949 2414 981 2474 et
1010 2410 1146 2492 lllsqq.
1192 2407 1281 2474 Haec

110 2523 142 2582 at
174 2536 257 2600 quae
289 2523 366 2582 sunt
398 2518 513 2582 similia
545 2518 698 2584 tantidem
731 2517 927 2582 aestimanda
954 2521 1030 2582 sunt
1057 2517 1170 2600 quanti
1198 2533 1280 2599 quae

110 2623 245 2691 Ovidius
272 2625 379 2690 iocose
407 2624 446 2690 de
473 2643 509 2690 se
537 2625 612 2690 dicit
633 2645 685 2686 vr.
710 2625 781 2688 Am.
805 2622 846 2688 ll.
872 2624 901 2704 1,
925 2623 1063 2687 11-22,
1108 2621 1279 2706 Nusquam

109 2730 295 2814 Propertius
315 2731 393 2794 dicit
411 2750 445 2795 se
463 2750 574 2796 severa
596 2731 750 2796 cecinisse
773 2730 829 2796 sed
852 2749 887 2794 se
906 2747 1018 2794 canere
1036 2729 1185 2794 voluisse.
1222 2728 1280 2796 Ie

109 2838 241 2902 vissime
263 2838 492 2922 Hertzbergiua
510 2836 626 2902 Nobbii
649 2843 875 2920 argumentum
897 2835 1055 2902 rehrtavit.
1091 2834 1279 2900 Rectissime

109 2943 255 3008 Nobbius
287 2950 558 3029 pentametrorum
585 2945 693 3008 exitus
720 2945 882 3008 rarissime
909 2962 975 3006 non
1007 2941 1178 3023 disyllabos
1210 2960 1280 3006 esse

107 3053 144 3114 in
168 3053 281 3134 quinto
304 3051 385 3118 libro
409 3052 489 3116 vidit
510 3055 608 3134 atque
630 3069 672 3114 ex
695 3051 755 3117 hac
776 3069 812 3116 re
835 3049 973 3133 conlegit
992 3049 1142 3132 quintum
1160 3047 1279 3114 librum

109 3179 129 3222 a
142 3157 305 3243 Propertio
320 3165 392 3243 post
406 3159 548 3241 reliquos
562 3176 672 3222 omnes
688 3157 843 3240 scriptum
857 3175 935 3221 esse.
973 3155 1073 3220 Nihili
1097 3161 1174 3222 sunt
1197 3175 1279 3240 quae

109 3264 338 3350 Hertzbergiua
352 3265 543 3330 Paldamum
563 3269 693 3330 secutus
711 3264 930 3348 pronuntiavit
948 3263 987 3328 de
1005 3263 1179 3328 differentia
1197 3283 1280 3347 quoe

108 3372 316 3440 intercederet
339 3374 422 3438 inter
444 3375 603 3439 maestum
626 3376 659 3434 et
682 3369 787 3434 flebile
816 3370 941 3436 dicendi
969 3389 1073 3455 genus
1102 3375 1134 3434 et
1157 3370 1280 3436 sedatas

109 3480 312 3546 narrationes.
357 3479 454 3547 Nullo
477 3496 608 3561 prorsus
631 3479 812 3542 testimonio
836 3477 984 3542 nituntru
1007 3497 1089 3561 quae
1107 3476 1280 3544 Teuffelius

110 3586 192 3650 dixit
208 3587 243 3648 in
261 3586 439 3652 litterarum
454 3584 673 3652 Romanarum
691 3584 822 3649 historie
841 3584 879 3650 de
893 3583 1055 3668 Propertio
1076 3585 1094 3665 ξ
1111 3583 1174 3648 246
1194 3589 1225 3648 et
1244 3586 1278 3648 2:

109 3693 156 3758 ‘In
177 3693 287 3759 seinen
301 3694 417 3758 leuton
435 3691 669 3774 lehensjuhran
687 3691 760 3756 ham
779 3690 874 3774 Prop.
893 3691 951 3756 arri
964 3691 1059 3757 einen
1077 3689 1156 3754 Plan
1177 3691 1280 3762 sciner

108 3798 239 3882 Jugend
271 3800 406 3882 zurich,
436 3798 664 3864 einheimische
695 3797 918 3882 Cogenstitnde
949 3798 983 3860 in
1016 3796 1071 3862 der
1097 3795 1193 3861 llorm
1225 3797 1280 3862 der

108 3906 219 3991 Elegio
241 3927 283 3970 zu
306 3906 484 3972 behandeln
507 3911 588 3970 elwa
609 3907 645 3969 in
667 3905 724 3969 der
741 3905 803 3968 Art
819 3923 885 3968 von
904 3902 1004 3968 Ovids
1021 3901 1117 3968 Pasti’
1136 3908 1169 3970 et
1187 3905 1278 3968 2....

108 4013 219 4077 frr'iher
244 4011 371 4098 Beginn
398 4014 458 4080 mit
489 4013 663 4081 Gediohten
690 4013 724 4076 in
758 4012 813 4076 der
839 4010 947 4076 Weise
979 4009 1035 4074 des
1068 4010 1279 4077 Callimachus

109 4119 185 4187 abor
210 4121 270 4185 mit
296 4121 476 4186 romischen
499 4119 634 4201 Stoffen,
657 4140 681 4184 s.
704 4119 743 4181 V.
771 4120 798 4200 1,
823 4117 916 4182 133f.
945 4118 1007 4202 vgl.
1032 4117 1125 4182 sau.
1149 4123 1180 4182 et
1205 4119 1277 4182 3...

109 4228 168 4293 das
193 4227 295 4292 tiinlte
322 4227 440 4309 (Buch)
468 4228 551 4292 auch
579 4225 759 4310 Unfertiges
789 4225 855 4290 und
881 4225 1088 4310 jugendliche
1115 4223 1279 4290 Versucha

110 4354 170 4400 aus
202 4333 274 4399 dem
306 4334 478 4400 Nachlesse
515 4334 570 4400 des
592 4332 757 4398 Dichters’.
811 4331 938 4398 Horum
970 4332 1049 4398 nihil
1082 4350 1194 4396 rerum
1222 4337 1277 4396 est
