3074 4788
749 284 968 346 ..64-

364 463 439 526 Uno
448 481 559 526 mense
568 467 642 545 post
652 462 773 525 editum
782 463 923 545 primum
930 462 1046 527 librum
1059 465 1193 529 altarum
1205 472 1298 551 poeta
1308 467 1452 533 seribere

276 569 494 653 0000111010.
514 568 556 632 IL
578 571 608 652 3,
627 570 665 650 3).
702 568 764 632 Sed
782 588 824 633 ne
841 571 876 632 in
895 570 993 634 albero
1017 577 1074 635 aut
1095 574 1187 636 tertio
1212 574 1342 658 quidem
1365 575 1451 639 libro

275 698 367 742 amor
383 677 504 740 felicior
521 681 631 762 poetae
650 677 784 760 contigit
802 697 899 759 quam
918 678 953 741 in
970 679 1081 762 pn'mc.
1119 680 1323 764 Aliquotiens
1340 682 1451 765 puella

274 791 398 871 poetam
422 784 551 848 admisit
573 783 610 846 cf.
634 803 679 847 cc.
703 783 762 849 III.
789 784 830 847 14
853 790 885 848 01
908 786 949 846 15
972 805 1023 849 vv.
1048 787 1100 868 20,
1124 788 1165 850 23
1185 807 1231 871 sq.
1278 789 1450 852 Amicitiae

276 893 417 956 discidiis
440 890 612 955 levioribus
636 896 810 955 mutantur.
856 893 962 956 Amici
990 899 1067 957 sunt
1093 895 1128 958 10
1151 896 1290 959 carmine
1315 896 1349 977 7,
1376 901 1448 960 tum

275 1000 406 1064 discidio
434 999 614 1063 intermisso
639 1001 675 1080 (c.
706 1000 758 1080 11)
791 1000 825 1062 in
858 999 1052 1064 carminibus
1083 1002 1225 1084 12-15,
1258 1007 1329 1066 tum
1361 1001 1448 1084 Cyn·

274 1109 340 1171 thia
366 1112 543 1192 praetorem
570 1107 693 1189 recipit,
721 1107 755 1169 in
784 1106 979 1171 carminibus
1010 1109 1050 1170 19
1074 1110 1170 1173 0120
1200 1111 1320 1194 species
1349 1129 1448 1193 quaer

275 1217 349 1280 dam
372 1215 592 1278 familiaritatis
616 1213 876 1297 deprehenditur,
908 1215 964 1278 sed
982 1215 1107 1300 puellae
1135 1219 1297 1300 nequitiae
1319 1223 1446 1302 poetam

274 1342 404 1408 quoque
422 1328 460 1386 ut
476 1321 539 1386 fide
563 1319 687 1384 labatur
710 1327 838 1404 cogunt
861 1327 931 1386 tum
949 1324 984 1385 in
1003 1323 1197 1387 carminibus
1217 1324 1347 1388 26--29
1371 1343 1447 1388 000-

273 1432 379 1494 cordia
404 1432 550 1494 restituta
577 1434 639 1509 est,
661 1427 767 1512 puella
790 1429 874 1492 anim
904 1429 1014 1493 morbo
1044 1431 1205 1515 implicata
1236 1431 1329 1514 iacet,
1360 1434 1446 1495 vetis

273 1559 338 1602 non
355 1539 504 1622 periuriis
524 1555 605 1619 opus
624 1539 680 1598 est.
727 1534 869 1600 Eandem
893 1538 1093 1602 concordiam
1121 1558 1186 1601 non
1210 1538 1341 1622 quidem
1360 1541 1446 1622 prior

272 1665 345 1729 pars
364 1646 519 1729 posterior
542 1649 650 1706 tamen
673 1643 823 1706 carminis
848 1643 888 1706 30
913 1646 1016 1728 spirat
1062 1645 1102 1708 In
1126 1645 1322 1710 carminibus
1347 1648 1388 1709 32
1412 1652 1446 1710 01

274 1755 316 1816 33
340 1772 427 1816 arnor
448 1750 652 1834 periclitatur,
675 1751 834 1832 praeteriit
852 1756 959 1815 tamen
982 1753 1042 1816 hoc
1056 1753 1239 1836 periculum
1257 1759 1297 1817 nt
1314 1772 1444 1816 carmen

271 1866 469 1944 postremum
501 1859 600 1923 docet
655 1856 820 1936 Peccasse
840 1859 946 1941 puella
977 1878 1044 1922 non
1075 1879 1145 1923 raro
1177 1860 1319 1941 videtur,
1350 1867 1445 1943 poeta

273 1987 402 2051 quoque
428 1967 620 2050 aliquotiens
643 1963 679 2027 cf.
705 1984 749 2027 cc.
774 1967 805 2047 4,
828 1967 880 2048 22,
904 1967 955 2048 23,
979 1968 1028 2032 24.
1075 1966 1205 2031 Ρο01100
1227 1968 1392 2031 avaritiam
1412 1973 1445 2030 et
1528 2017 1529 2052 ,

272 2075 451 2158 perfidiam,
478 2073 627 2137 rivalium
654 2071 762 2136 felices
790 2091 912 2136 amores
935 2079 1029 2157 pocta
1056 2075 1156 2157 carpit
1177 2075 1212 2136 in
1236 2093 1279 2140 cc.
1305 2075 1334 2156 5,
1359 2074 1388 2156 6,
1412 2077 1443 2156 8,

273 2185 302 2264 9,
328 2183 377 2265 16,
403 2181 452 2265 17,
478 2182 528 2263 18,
552 2181 603 2260 21,
627 2177 706 2262 241,
729 2181 781 2242 25,
826 2178 875 2244 De
898 2181 1013 2244 amoris
1042 2181 1181 2246 decursu
1208 2199 1278 2244 cam
1302 2181 1342 2244 cb
1367 2201 1442 2245 eau-
1528 2183 1529 2204 l

273 2311 341 2354 sam
364 2309 406 2354 ex
429 2289 480 2352 his
502 2286 590 2350 libris
613 2287 693 2350 nihil
716 2289 794 2352 certi
814 2288 991 2371 lucramur,
1018 2289 1094 2372 quia
1115 2292 1153 2351 01
1175 2307 1253 2351 mox
1280 2289 1444 2372 apparebit

271 2417 338 2460 000
361 2397 467 2460 omnia
490 2394 630 2458 carmina
648 2395 761 2458 horum
781 2394 933 2458 librorum
957 2395 1066 2459 ordine
1084 2395 1304 2479 chronologico
1327 2396 1442 2461 tradita

271 2509 355 2569 0001.
401 2503 545 2567 Plurima
567 2503 707 2565 carmina
729 2503 821 2566 anuis
847 2502 1020 2565 727-729
1044 2504 1162 2586 scripta
1188 2521 1259 2567 esse
1282 2522 1324 2566 ex
1346 2503 1441 2568 libro-

269 2631 342 2674 rum
366 2610 476 2674 ordine
498 2610 627 2672 conicio.
674 2607 821 2672 Carmina
844 2609 973 2674 alterins
992 2609 1063 2673 libri
1082 2610 1185 2692 priora
1204 2612 1235 2692 2,
1254 2611 1282 2693 3,
1303 2610 1332 2691 7,
1354 2631 1440 2674 anno

272 2719 333 2780 727
359 2717 465 2781 deberi
485 2718 519 2780 in
537 2718 642 2800 aprico
665 2721 722 2797 001,
746 2735 942 2800 quamquam
967 2735 1094 2780 carmen
1117 2715 1177 2779 III.
1197 2717 1238 2779 29
1262 2736 1346 2780 anno
1367 2718 1441 2800 724,

270 2843 396 2890 carmen
420 2824 479 2887 ΙΙΙ.
505 2825 544 2887 31
572 2843 656 2886 anno
682 2823 743 2884 726
768 2823 891 2887 discidii
914 2829 1068 2906 temporo,
1091 2841 1218 2887 carmen
1240 2822 1300 2886 IH.
1326 2825 1367 2887 10
1386 2844 1440 2888 00-

270 2933 341 2997 dem
365 2938 507 3016 tempore
521 2951 590 3016 quo
609 2949 736 2994 carmen
754 2931 811 2994 IV.
831 2932 852 2992 4
871 2950 955 2995 anno
977 2931 1040 2993 729
1068 2936 1206 2994 exeunte
1233 2931 1349 3014 scripta
1368 2951 1440 2996 0000

270 3039 474 3104 videbuntur.
513 3038 646 3102 Carmen
664 3039 805 3121 primum
824 3037 953 3102 alterius
971 3038 1044 3101 libri
1063 3041 1189 3102 summa
1207 3057 1282 3101 cum
1305 3058 1382 3102 cura
1408 3045 1440 3103 et

269 3152 335 3210 arte
358 3146 552 3210 elaboratum
571 3164 684 3209 vereor
702 3165 743 3209 00
761 3152 902 3229 tempore
920 3146 1060 3229 primum
1079 3165 1144 3208 non
1163 3146 1205 3208 sit
1222 3145 1439 3224 iudicandum,

270 3273 409 3318 amorem
429 3254 515 3318 enim
534 3253 702 3336 paululum
724 3252 889 3316 turbatum
908 3273 960 3318 vv,
980 3254 1031 3335 48,
1052 3252 1104 3335 65,
1124 3255 1164 3316 78
1183 3252 1330 3336 produnt.
1363 3251 1438 3315 Car·
1527 3289 1528 3306 1

269 3362 357 3424 mina
381 3362 399 3422 2
423 3367 455 3424 01
479 3362 498 3423 3
522 3359 610 3423 brevi
631 3366 704 3443 post
734 3359 977 3443 redintegratam
1007 3361 1178 3424 amicitiam
1211 3361 1325 3445 scripta
1353 3365 1438 3442 0001,

268 3485 396 3531 carmen
422 3469 438 3530 7
468 3487 552 3531 armo
579 3467 656 3548 727,
688 3472 759 3531 tum
791 3467 940 3530 carminis
969 3468 1010 3529 28
1038 3471 1143 3549 partes
1172 3471 1236 3530 tres
1259 3467 1392 3530 carmini
1411 3468 1436 3529 9

267 3576 447 3658 praemitto,
475 3577 551 3638 item
580 3592 708 3638 carmen
732 3575 773 3638 20
802 3579 924 3658 septem
946 3572 1112 3638 mensibus
1136 3579 1209 3656 post
1230 3574 1351 3638 editum
1373 3575 1437 3656 pri-

267 3701 358 3746 mum
385 3682 503 3746 librum
532 3682 684 3765 scriptum
712 3686 760 3746 est
787 3701 870 3746 anno
902 3681 973 3743 727.
1024 3677 1158 3745 Carmen
1187 3681 1227 3744 10
1256 3700 1340 3744 anno
1372 3681 1435 3744 729

268 3795 405 3852 exeunte
429 3791 621 3873 composuit,
648 3791 749 3853 iratus
774 3788 1003 3873 neglectasque
1026 3807 1060 3852 se
1083 3788 1144 3851 alia
1171 3793 1341 3852 cantrrrum
1365 3806 1436 3851 esse

267 3897 413 3959 minatur.
469 3895 602 3960 Carmen
637 3897 675 3958 11
713 3914 797 3958 anno
831 3896 894 3958 728
932 3896 1058 3959 1000011
1094 3895 1247 3977 attribuo,
1281 3894 1434 3979 perfidam

266 4003 407 4085 puellam
421 4001 538 4067 frustra
553 4005 679 4087 saepius
693 4008 872 4066 revocatam
892 4001 1029 4066 dimittit
1065 4000 1154 4065 Huic
1172 4002 1304 4066 discidio
1323 4002 1433 4065 eodem

266 4111 336 4173 iure
355 4111 555 4174 carmina12
575 4116 607 4174 et
627 4110 667 4172 13
691 4108 842 4173 submitto
866 4128 931 4193 quo
953 4111 1055 4192 primo
1079 4109 1209 4172 discidio
1234 4109 1373 4172 carmina
1390 4107 1434 4170 ΙΙ.

239 4216 242 4223 '
268 4219 394 4281 2013.
440 4217 562 4280 lterum
594 4217 712 4280 frustm
744 4217 872 4280 servitio
899 4215 1018 4278 collum
1046 4215 1232 4280 subtrahere
1260 4235 1293 4280 se
1316 4235 1433 4279 ausum

268 4343 348 4406 0000,
371 4324 409 4388 00
427 4326 545 4388 Amore
564 4341 599 4386 se
618 4322 722 4389 denuo
746 4322 914 4386 subactum
938 4328 1034 4405 atque
1052 4323 1091 4386 ad
1110 4325 1243 4387 amicam
1265 4323 1433 4387 reductum
