3074 4788
715 252 936 316 ...70-

241 433 340 497 thiam
373 450 437 496 555
471 432 600 518 quidem
623 451 754 517 prorsus
784 433 953 512 sinceram,
986 451 1089 496 earam
1124 435 1230 494 155555
1264 435 1423 494 auratam·-

243 558 306 624 que
334 559 426 604 suam
455 558 591 604 uxorem
618 539 732 618 151555
761 538 879 606 mulier
905 543 1014 621 peceat
1040 536 1091 601 vel
1123 555 1254 620 peooare
1281 537 1423 618 videtur,

242 647 387 710 coniunx
420 665 550 730 quoque
580 652 703 730 peooat,
736 645 840 710 subito
874 663 958 708 uxor
990 643 1162 718 furibunda
1198 649 1326 728 apparet
1356 649 1423 708 eto.

243 753 358 818 Omnia
377 754 455 818 haee
473 755 550 819 satis
569 754 674 818 iooose
698 753 854 836 desoripta
876 756 961 816 sunt.
998 750 1116 816 Filium
1134 751 1187 816 vel
1208 750 1307 816 filiam
1329 750 1423 832 (lyn-

242 861 308 925 thia
331 865 443 945 poetae
466 879 531 924 555
555 860 691 944 peperit,
719 859 860 942 alioquin
890 860 978 924 huno
1002 877 1132 942 quoque
1154 863 1282 924 mortua
1305 877 1423 942 super-

243 968 309 1033 etiti
346 969 475 1051 coniugi
510 968 545 1030 in
578 967 718 1032 carmine
744 967 761 1028 7
791 965 1054 1030 commendasset.
1104 964 1230 1031 llortua
1257 971 1306 1030 est
1331 965 1424 1030 eirea

242 1093 364 1140 annum
386 1074 449 1138 134
468 1074 520 1138 vel
541 1075 613 1139 135.
642 1071 727 1138 Dioit
746 1073 831 1138 enim
847 1071 983 1138 Ovidius
998 1091 1049 1134 vv.
1064 1071 1154 1138 Trist.
1169 1073 1224 1136 IV.
1248 1074 1297 1156 111,Ι
1315 1074 1356 1136 45
1369 1093 1423 1157 sq.

402 1183 506 1266 ‘saepe
528 1199 607 1246 suos
629 1180 745 1245 solitus
766 1181 899 1246 recitare
922 1178 1107 1262 Propertius
1130 1181 1232 1264 ignes,

456 1289 527 1352 iure
550 1287 701 1352 sodalioio
726 1288 783 1371 qui
807 1287 885 1350 mihi
909 1287 1039 1352 innotus
1063 1286 1148 1352 erat'
1200 1305 1203 1314 ¹

243 1395 326 1473 Quia
347 1393 483 1460 Ovidius
507 1395 688 1479 Vergilium
715 1399 747 1460 et
769 1393 931 1458 monitum
960 1398 997 1456 ut
1019 1391 1108 1458 bravi
1136 1398 1209 1460 ante
1233 1395 1314 1460 dixit
1336 1395 1426 1458 vidit
1508 1341 1509 1358 ἵ

242 1508 378 1584 tantum,
400 1503 458 1568 hos
481 1502 572 1586 ignes
594 1500 780 1585 Propertius
798 1501 943 1566 recitauit
961 1505 1104 1584 tempore
1123 1501 1229 1584 quinti
1248 1501 1328 1584 libri
1350 1521 1423 1568 555

241 1615 315 1674 aute
344 1629 465 1676 annum
492 1609 563 1672 135.
609 1608 654 1672 Hi
681 1609 771 1694 ignes
795 1627 860 1672 555
884 1608 1035 1674 videntur
1058 1625 1127 1674 esse
1148 1627 1238 1673 amor
1261 1607 1425 1690 Cynthiae
1508 1649 1509 1654 κ

242 1719 354 1782 uxoris
378 1717 432 1782 sed
455 1715 588 1780 aliarum
611 1715 791 1800 puellarum
816 1734 896 1799 quos
920 1733 1026 1779 amore
1047 1721 1236 1798 persecutus
1258 1722 1305 1780 551
1330 1715 1424 1796 (lyn-

243 1825 310 1890 tlria
330 1827 465 1890 mortua
497 1821 607 1888 Huius
626 1823 712 1888 enim
733 1822 888 1906 quamdiu
906 1821 1175 1908 promittatque
1193 1829 1424 1907 postmortem
1508 1895 1509 1902 χ

244 1949 374 2015 quoque
406 1949 464 2013 per
490 1929 662 2013 diquodt
662 1949 776 2013 empus
798 1929 955 2013 Propertii
983 1948 1071 1994 amor
1098 1935 1165 1994 erat
1191 1935 1277 1996 15155
1305 1949 1424 2014 quam-
1508 1919 1509 1950 ¹

244 2058 342 2122 quam
362 2038 470 2102 nescio
490 2057 554 2120 quo
573 2037 669 2102 modo
689 2036 777 2100 sub
768 2055 876 2120 1psum
895 2037 1007 2102 uxoris
1028 2037 1113 2100 uitae
1130 2035 1228 2102 finem
1249 2038 1343 2102 aliam
1363 2038 1424 2103 de·

243 2147 345 2230 perire
367 2144 515 2229 potuerit,
543 2142 661 2226 quibus
685 2143 843 2208 illeoobris
857 2141 952 2208 Doris
969 2163 1046 2210 eum
1065 2145 1213 2228 ceperit(
1169 2145 1296 2226 t(..vV
1314 2145 1341 2206 i.
1361 2145 1423 2226 72)

243 2252 294 2317 vel
318 2251 450 2318 Chloris.
498 2249 589 2316 certa
612 2250 807 2316 vocabulum
831 2251 943 2335 ‘saepe’
969 2272 1041 2318 oum
1067 2252 1118 2315 his
1141 2254 1283 2318 externis
1301 2253 1423 2316 amori-

244 2359 305 2424 bus
333 2379 351 2422 a
373 2357 536 2441 Propertm
565 2376 666 2424 uxore
693 2359 768 2420 viva
795 2357 890 2423 cultis
919 2378 982 2422 555
1007 2359 1163 2424 eosvenit
1209 2359 1331 2424 Vinum
1357 2365 1423 2424 aut

244 2485 335 2530 rosae
363 2463 531 2528 blanditias
554 2484 595 2529 55
618 2471 727 2549 postea
750 2465 880 2548 quddam
903 2485 922 2528 a
944 2471 1038 2549 poeta
1055 2471 1161 2549 spreta
1178 2485 1248 2532 esse
1267 2465 1422 2532 carminis

245 2572 284 2634 V.
310 2571 431 2635 611515
457 2576 593 2636 testatur
620 2572 670 2653 (of.
697 2573 793 2636 etiam
814 2591 844 2634 v.
868 2570 924 2635 IV.
949 2573 979 2654 5
1003 2573 1054 2653 21,
1077 2592 1103 2636 5.
1126 2571 1181 2636 IV.
1207 2572 1270 2658 11).
1316 2570 1422 2648 Quin-

223 2697 225 2704 ·
246 2683 315 2744 tum
343 2678 461 2742 librum
490 2679 631 2742 earmina
659 2679 952 2744 diversissimorum
979 2685 1159 2763 temporum
1192 2681 1352 2746 5551155515
1389 2688 1422 2745 51

245 2786 284 2852 ab
307 2785 417 2850 amieis
445 2793 518 2870 post
544 2792 677 2852 mortem
701 2793 811 2872 poetae
840 2786 961 2852 editum
985 2805 1056 2853 esse
1079 2788 1149 2852 sine
1172 2787 1269 2850 ullo
1259 2805 1331 2852 rure
1352 2788 1421 2852 viri

245 2894 330 2958 docti
353 2894 392 2957 ad
415 2894 503 2960 huno
527 2895 610 2960 diem
634 2895 764 2978 plurimi
788 2895 906 2978 opinati
926 2900 1009 2960 sunt.
1046 2893 1110 2960 Hie
1127 2892 1207 2958 liber
1224 2913 1289 2958 555
1306 2894 1421 2960 minus
1508 2925 1509 2940 r

245 3001 410 3068 absolutus
439 3007 470 3065 et
497 3003 670 3086 castigatus
699 3007 827 3086 apparet
851 3021 947 3085 quam
970 3001 1050 3066 liber
1072 3002 1196 3085 primus
1220 3005 1251 3066 et
1274 3005 1419 3085 quartus.

246 3108 431 3172 Garminum
459 3107 535 3171 ordo
558 3113 596 3172 ut
622 3109 656 3172 15
685 3108 788 3191 primo
816 3107 895 3172 libro
924 3108 1053 3174 artificis
1081 3127 1190 3174 curam
1215 3108 1295 3192 sapit
1319 3127 1419 3191 quam

246 3233 314 3280 rem
332 3211 530 3278 Buechelero
551 3213 632 3280 duee
650 3215 848 3280 onuoleatam
871 3233 942 3280 5555
964 3216 1095 3299 gaudeo.
1132 3215 1258 3299 Sepone
1280 3216 1417 3299 primam

245 3321 388 3405 elegiam,
407 3321 575 3386 exordium
595 3323 692 3386 totius
716 3321 798 3403 libri,
816 3329 848 3388 et
865 3313 1061 3407 horosoopus
1083 3323 1181 3390 falsae
1204 3341 1311 3388 rerum
1330 3323 1419 3388 1515-
1508 3325 1509 3328 ’

244 3449 353 3494 rarum
374 3428 524 3494 soientiae
542 3428 701 3512 gloriosus
724 3429 870 3496 venditor
893 3430 1058 3513 oppositus
1077 3449 1146 3496 5555
1164 3429 1326 3496 videbitur
1344 3431 1418 3496 Gor·

245 3537 349 3602 neliae
372 3555 447 3601 vera
470 3556 529 3602 sua
551 3537 664 3600 merita
687 3536 836 3604 omnibus
859 3541 934 3602 nota
956 3537 1102 3620 prodenti
1124 3540 1298 3621 praeterita.
1337 3538 1417 3604 Ver·
1508 3611 1509 3620 χ

245 3649 359 3708 155555
386 3643 557 3726 respondet
584 3643 728 3728 luppiter
756 3643 932 3724 Feretrius,
964 3645 1134 3729 utriusque
1168 3645 1219 3709 dei
1253 3664 1370 3712 nomen
1400 3667 1418 3710 a

244 3758 337 3836 poeta
360 3751 546 3835 explicatur.
583 3751 745 3816 Arethusa
768 3752 914 3836 coniugis
938 3751 976 3816 de
997 3751 1112 3836 frigido
1136 3753 1418 3835 555555555155,

244 3857 403 3924 Hercules
425 3859 594 3942 respondet
616 3858 790 3924 mulierum
814 3858 910 3924 duros
932 3859 1056 3924 animos
1079 3861 1254 3943 increpans.
1297 3857 1416 3936 Quarto

245 3965 386 4030 earmina
418 3970 450 4030 51
482 3971 591 4030 oetavo
622 3965 754 4049 Tarpeia
785 3971 817 4032 et
848 3964 986 4047 Cynthia
1017 3968 1101 4030 inter
1133 3985 1167 4032 se
1200 3973 1416 4050 opponuntur,
1508 3935 1509 3984 ³

246 4076 383 4155 utraque
402 4076 451 4136 551
468 4071 587 4155 perfida
603 4073 728 4155 mulier,
746 4079 883 4157 utraque
901 4077 1007 4141 115555
1026 4075 1060 4137 15
1079 4074 1217 4141 carmine
1232 4092 1292 4138 suo
1306 4073 1415 4140 lectori
1508 4083 1509 4094 ¹

246 4197 311 4242 555
325 4197 459 4261 prorsus
474 4178 591 4260 odiosa,
601 4179 656 4246 illa
665 4181 815 4263 tragioam
826 4181 904 4246 5555
913 4181 1067 4246 55555555
1078 4181 1238 4265 quandam
1248 4199 1415 4265 personam

246 4284 368 4348 induto.
417 4283 551 4350 Restant
581 4286 654 4350 lena
686 4292 717 4352 et
749 4286 899 4369 Cynthia,
936 4292 1072 4371 utraque
1104 4293 1243 4370 mortua,
1279 4293 1416 4373 utraque
