3074 4788
591 300 810 363 „69-

113 499 179 564 quo
201 479 329 562 Phyllis·
347 480 485 564 Telaque
513 484 663 544 externae
682 479 807 563 puellae
825 485 987 542 vocantur.
1033 478 1181 564 Denique
1205 500 1287 565 quae

113 587 251 669 Cynthia
281 589 347 672 agit
372 589 406 651 in
433 587 591 671 Propertii
611 587 718 651 domo
751 586 816 672 agit
848 587 940 669 quasi
967 585 1001 648 in
1029 605 1089 651 sua
1112 587 1205 652 domo
1238 589 1287 670 sit,

112 694 236 779 puellos
259 693 462 780 Lygdamum
490 691 677 759 verberibus
706 693 808 758 caedit
834 694 942 776 ipsum
970 698 1096 777 poetam
1124 699 1287 779 totamque

114 803 245 866 domum
265 803 379 886 expiat,
403 821 461 866 cur
479 803 542 866 nisi
562 807 691 866 suetum
715 800 912 865 domicilium
933 801 962 864 ei
981 801 1067 865 11111
1101 799 1211 866 Probo·
1224 823 1288 886 qua

112 908 199 974 idern
223 909 381 974 evincitur
398 908 526 976 Heinsii
544 909 578 972 in
596 912 755 992 postremo
773 927 871 973 versu
890 908 1105 972 coniecturam
1124 928 1180 992 pro
1199 907 1286 972 ‘toto’

112 1016 209 1081 ‘noto'
237 1015 331 1081 scribi
357 1016 513 1098 iubentis,
540 1021 636 1099 atque
664 1020 702 1079 ut
729 1035 772 1079 ex
800 1015 913 1080 eodem
941 1033 1037 1079 versu
1061 1015 1148 1079 aliud
1170 1015 1286 1080 vitium

114 1124 278 1188 eliminare
301 1143 397 1188 coner
419 1125 541 1188 conicio
564 1142 620 1208 pro
650 1122 764 1187 tradito
791 1121 962 1206 ‘respondi'
991 1121 1193 1187 scribendum
1217 1141 1287 1188 esse

112 1231 260 1316 ‘despuit’
284 1229 348 1314 (vel
366 1229 510 1315 ‘expuit')
530 1231 569 1295 de
589 1251 654 1315 qua
672 1229 864 1294 excantandi
884 1229 1006 1293 ratione
1029 1230 1171 1294 conferas
1189 1230 1286 1294 velim

113 1359 166 1400 vv.
188 1337 253 1402 rib.
277 1339 302 1402 Ι.
327 1341 401 1408 254
419 1353 454 1409 96
474 1339 493 1400 3
514 1353 547 1409 16
570 1337 696 1402 Patron.
721 1357 746 1400 c.
772 1335 846 1419 131,
868 1334 1077 1401 Weidnerum
1100 1337 1140 1401 ad
1163 1336 1233 1400 Iuv.
1257 1356 1287 1399 v.

113 1445 188 1508 vll.
214 1447 285 1509 112.
332 1445 417 1530 Ergo
445 1445 579 1510 fortasse
605 1449 690 1510 recte
719 1445 901 1528 suspicatus
930 1463 1002 1508 sum
1031 1443 1199 1525 Cynthium
1231 1461 1288 1527 per

113 1556 307 1635 postremam
329 1555 414 1618 vitae
436 1557 559 1638 partem
582 1552 785 1618 matrimonio
808 1555 918 1634 poetae
941 1551 1083 1615 iunctam
1105 1551 1215 1615 fuisse.
1305 1573 1306 1578 ¹

115 1676 120 1681 ·
167 1677 170 1681 ·
203 1659 295 1743 Ipsae
314 1660 468 1743 Cynthiae
486 1679 572 1725 mors
591 1664 622 1724 et
641 1659 806 1743 sepultura
824 1657 1032 1740 perobscurae
1052 1663 1139 1740 sunt,
1161 1658 1288 1722 videtur

115 1765 220 1831 subito
244 1767 358 1850 obiise,
385 1749 581 1833 11111111.
607 1769 635 1850 7,
659 1767 700 1830 35
722 1785 790 1848 sqq.
814 1764 915 1828 elicio.
961 1765 1147 1850 Propertius
1175 1766 1287 1830 eodem

114 1879 256 1958 tempore
278 1855 361 1940 alius
388 1876 514 1960 puellae
535 1875 653 1958 'captus
676 1871 838 1936 blanditiis
852 1871 1044 1956 'languebat
1092 1871 1185 1949 Quod
1213 1891 1286 1937 cum

114 2000 180 2044 non
201 1982 347 2066 ignotum
370 1989 455 2048 esset
483 2002 592 2046 rumor
622 1982 756 2046 tortasse
788 1998 854 2042 non
877 1979 971 2062 plane
992 1999 1097 2044 vanus
1121 1980 1287 2044 circumfe-

114 2087 242 2152 rebatur
264 2107 283 2151 a
306 2089 406 2152 servis
429 2087 599 2170 Cynthium
628 2089 766 2152 occisam
795 2107 865 2152 esse
892 2105 957 2150 non
984 2087 1087 2150 invito
1114 2087 1288 2172 Propertio,

117 2214 213 2279 quem
237 2214 397 2260 rumorem
420 2195 529 2260 foedae
553 2196 708 2279 exequiae
736 2198 820 2258 certe
848 2213 913 2257 non
936 2195 1154 2277 extinxertmt,
1176 2214 1287 2279 quam·
1419 2215 1429 2238 1

116 2321 212 2385 quam
235 2307 327 2386 poeta
354 2308 412 2367 aut
437 2304 539 2387 ipsam
568 2323 602 2368 se
629 2301 826 2367 intertccisse
849 2307 905 2365 eut
932 2319 1069 2367 uxorem
1089 2297 1287 2386 impudicam

114 2409 285 2474 mulierem
307 2410 408 2474 fuisse
429 2410 569 2494 profiteri
597 2415 728 2494 poteret.
777 2409 819 2472 Ut
846 2410 985 2492 speciem
1007 2410 1153 2494 propriae
1176 2411 1288 2494 culpae

115 2523 271 2582 averteret
292 2524 384 2602 poeta
406 2517 445 2582 de
469 2517 562 2602 culpa
585 2535 695 2582 servae
718 2517 897 2600 inquisivit,
919 2517 1042 2582 indices
1066 2513 1152 2582 eni'm
1176 2517 1288 2582 durius

115 2631 297 2690 accusatam
328 2629 514 2707 vexassent,
545 2625 640 2708 culpa
672 2621 792 2688 abesse
813 2622 989 2687 videbatur.
1040 2623 1138 2708 Turpi
1175 2623 1287 2689 funere

116 2732 253 2813 Cynthia
275 2732 357 2797 elata
379 2739 509 2797 estnec
531 2731 689 2796 immerita
717 2730 835 2812 hercle,
864 2749 946 2814 quae
974 2732 1091 2795 totiens
1113 2730 1210 2795 fidem
1233 2751 1287 2794 ru-

115 2843 204 2923 perat
225 2845 295 2903 tum
314 2841 383 2923 ipsa
401 2839 524 2904 deserta
540 2837 675 2918 iaccbat3
701 2858 798 2924 quam
821 2839 894 2902 lena
913 2839 1016 2921 quinti
1041 2839 1190 2902 carminis
1214 2857 1287 2902 ean-

117 2946 189 3010 dem
211 2945 277 3010 fere
300 2947 496 3030 sepulturam
520 2951 690 3010 11111111.
738 2945 912 3010 Combusta
935 2949 966 3008 et
990 2945 1112 3029 sepulta
1139 2963 1210 3010 esse
1233 2959 1288 3009 su-

115 3072 172 3137 pra
203 3052 369 3118 videbatur
395 3073 493 3137 prope
520 3052 664 3118 Romam.
714 3052 791 3117 Mox
823 3053 988 3137 Propertio
1017 3051 1170 3134 Cynthiae
1200 3066 1289 3116 amor

115 3162 280 3246 pristinus,
302 3162 442 3243 revertit,
464 3161 544 3226 vidit
566 3181 668 3226 novae
692 3159 839 3225 dominae
858 3160 1033 3225 meretricis
1052 3159 1216 3244 perfidiam
1239 3161 1284 3223 in·

115 3271 309 3353 lamiamque
346 3268 509 3351 aliquanto
551 3270 704 3332 maiorem
741 3287 812 3333 esse
850 3287 947 3352 qnam
985 3266 1141 3348 Cynthiae
1176 3267 1287 3331 iuerat.

116 3374 214 3440 Dolor
248 3376 312 3440 fato
350 3380 473 3460 ereptae
511 3395 547 3439 11
582 3377 777 3460 paenitentia
808 3377 842 3438 in
879 3380 980 3440 morte
1012 3375 1110 3458 impie
1148 3375 1288 3439 desertae

116 3483 243 3567 puellae
275 3501 349 3546 eum
383 3485 632 3567 corripuerunt„
660 3482 704 3548 Ut
731 3503 822 3547 suam
850 3484 1001 3547 iniuriam
1029 3483 1230 3566 extingueret
1255 3486 1289 3545 et

117 3589 274 3671 Cynthiae
315 3591 449 3676 dignum
490 3595 737 3656 monumentum
778 3596 909 3675 poneret
951 3607 1079 3654 carmen
1116 3588 1288 3671 septimum

117 3699 244 3782 scripsit
265 3697 525 3782 pulcherrimum.
573 3697 647 3782 Ipse
675 3717 709 3763 se
737 3705 829 3783 poeta
856 3697 1031 3778 accusavit,
1058 3694 1197 3780 puellam
1220 3696 1288 3759 lau-

118 3805 211 3868 davit.
257 3805 375 3871 Utrum
403 3805 588 3890 Lygdamus
617 3811 649 3870 et
671 3803 791 3869 Nomas
819 3824 939 3889 poenas
967 3803 1111 3893 dederint
1133 3822 1174 3865 an
1197 3807 1290 3867 antea

117 3931 158 3977 ex
184 3910 264 3978 urbe
292 3919 387 3977 aute
414 3914 481 3976 vita
508 3912 716 3995 decesserint,
747 3932 788 3976 an
815 3912 877 3975 hoc
910 3928 1038 3974 carmen
1070 3909 1289 3993 compluribus

117 4020 211 4084 annis
233 4025 402 4104 postquam
427 4021 580 4104 scriptum
603 4025 687 4087 esset
704 4039 770 4084 una
788 4038 862 4082 cum
881 4023 945 4081 toto
964 4015 1044 4080 libro
1067 4017 1187 4102 publici
1208 4017 1290 4081 iuris

116 4127 236 4192 11111111
261 4129 303 4192 111
329 4125 496 4192 diiudicari
519 4129 638 4211 nequit
685 4126 818 4192 Carmen
843 4129 992 4189 octavum
1015 4124 1289 4188 narratiunculam

118 4236 260 4300 continet
287 4249 352 4319 qua
377 4241 471 4320 poeta
493 4235 683 4300 cotidianam
712 4249 808 4318 quam
832 4252 906 4297 cum
929 4251 1033 4298 uxore
1057 4230 1169 4317 agebat
1190 4231 1289 4294 vitam

116 4345 298 4426 illustravit,
320 4362 385 4407 non
404 4348 441 4407 ut
459 4358 528 4416 eam
547 4344 724 4427 increparet
743 4342 798 4410 sed
816 4347 853 4405 ut
875 4340 982 4406 iocose
1005 4340 1183 4409 ostenderat
1206 4335 1289 4424 Cyn·
