3074 4788
607 294 804 356 ,9-

381 475 472 558 fagus
496 481 528 538 et
550 473 685 537 Arcadio
708 473 805 555 pinus
829 471 929 534 amica
953 470 1019 532 deo.

124 583 286 648 Similiora
307 582 401 646 habet
423 581 558 646 Ovidius
581 600 628 664 ep.
651 579 691 642 V.
715 581 757 642 47
778 599 837 662 sq:

382 688 456 753 Non
480 689 525 753 sie
547 688 698 772 appositis
720 686 861 750 vincitur
882 683 1002 748 ritibus
1026 684 1136 749 ulnlus

429 801 467 860 ut
493 800 549 859 tua
576 799 654 859 sunt
676 794 755 858 collo
785 791 929 856 bracchia
950 811 1034 856 nexa
1052 809 1132 854 meo.

124 904 271 970 Fortasse
304 924 345 969 ex
373 901 496 968 Catullo
528 902 605 966 haec
637 905 713 966 sunt
737 900 918 983 desumpta,
942 917 1138 982 quamquam
1165 896 1295 981 Zinger-

123 1012 207 1076 leius
231 1011 325 1092 (Ovid
343 1011 410 1075 und
429 1011 498 1075 sein
517 1009 702 1074 Verhtiltnis
721 1028 763 1070 zu
782 1007 843 1070 dan
861 1006 1071 1090 Vorgdngern
1090 1005 1158 1070 und
1176 1003 1295 1088 gleich-

125 1119 263 1202 zeitigen
285 1117 464 1182 romischen
488 1115 654 1196 Dichtern)
677 1115 755 1180 heae
777 1114 893 1178 omisit.
939 1113 1083 1178 Catullus
1111 1112 1196 1176 enim
1220 1111 1296 1175 dicit

124 1245 177 1290 W·
202 1225 255 1308 61,
279 1224 341 1289 106
361 1245 444 1309 sqq„
498 1312 599 1378 Lenta
623 1313 702 1396 quin
725 1311 815 1375 velut
837 1310 953 1374 adsitas

497 1421 572 1486 vitis
596 1419 738 1502 implicat
760 1417 897 1500 arbores,

497 1525 714 1612 implicabitur
735 1526 769 1587 in
792 1531 886 1590 tuum

499 1633 704 1718 complexum
728 1639 759 1697 et
783 1654 811 1717 q.
836 1653 860 1697 s.

125 1742 211 1806 idem
237 1747 329 1808 antec
352 1743 434 1807 dixit
455 1763 507 1805 vv.
532 1741 583 1822 61,
606 1742 648 1804 33
673 1759 757 1824 sqq:

497 1853 637 1913 mentem
660 1866 766 1911 amore
788 1843 967 1912 revinciens

499 1961 536 2021 ut
557 1962 653 2020 tenax
677 1955 792 2019 hedera
814 1954 880 2018 hue
902 1960 934 2019 et
956 1955 1020 2018 huc

497 2063 641 2126 arborem
663 2062 805 2146 implicat
827 2080 943 2125 errans.

124 2170 354 2234 Alexandrinis
386 2170 531 2235 Catullus
564 2170 642 2234 haec
666 2168 759 2234 debet
781 2189 841 2234 nec
864 2189 922 2254 ego
952 2168 1061 2234 dubito
1096 2168 1174 2252 quin
1198 2167 1294 2232 Paul·

1 2289 2 2304 ¹
125 2278 178 2342 lus
210 2277 410 2356 Silentiarips
450 2297 532 2361 quae
569 2297 642 2342 cum
677 2277 839 2362 Propertio
878 2277 1061 2342 communia
1093 2274 1186 2340 habet
1225 2276 1293 2359 ipse

1 2451 2 2488 3
126 2405 168 2450 ex
197 2384 387 2450 Callimacho
421 2385 607 2468 sumpserit,
634 2385 728 2450 cuius
754 2384 872 2468 gloria·
887 2389 1006 2467 quanta
1033 2382 1117 2467 apud
1144 2383 1201 2448 hos
1229 2384 1294 2466 epi·

1 2557 2 2580 2
124 2498 338 2576 grammatum
371 2493 538 2575 scriptores
569 2491 665 2556 fuerit
697 2509 824 2554 carmen
851 2491 1039 2574 adespotum
1074 2490 1136 2564 565
1171 2489 1294 2571 (Iacobs

126 2600 210 2664 anth.
237 2599 292 2664 IV.
320 2621 349 2684 p.
380 2597 454 2680 236)
482 2601 581 2663 docet
632 2600 832 2681 Argumenta
863 2599 970 2682 potius
1003 2599 1037 2660 in
1066 2597 1230 2682 Propertio
1263 2604 1295 2663 et

125 2706 304 2772 Silentiarie
329 2706 453 2780 similia,
476 2706 719 2770 eidemeolores
744 2705 1025 2789 deprehenduntur
1045 2725 1141 2788 quam
1162 2705 1291 2770 eaedem

125 2814 302 2878 locutiones
325 2813 375 2877 vel
404 2811 507 2877 verba
554 2812 695 2877 Possunt
721 2815 805 2876 inter
833 2832 866 2877 se
894 2813 1068 2895 comparari
1096 2813 1236 2876 earmina
1263 2818 1295 2876 et

126 2941 242 2986 versus
264 2921 318 2986 Sil.
344 2921 474 3003 36‚1sq.
497 2926 529 2984 et
551 2920 642 3005 Prop.
666 2920 725 2984 Ill.
750 2920 880 3004 30‚1sq.
904 2920 957 2985 Sil.
984 2920 1023 2982 12
1048 2925 1079 2984 61
1097 2918 1190 3002 Prop.
1215 2918 1239 2980 Ι.
1265 2920 1295 2999 3,

125 3029 178 3092 Sil.
205 3029 244 3090 17
269 3033 301 3093 61
323 3027 414 3112 Prop.
438 3028 463 3092 Ι.
488 3029 517 3108 2,
540 3027 593 3092 Sil.
619 3028 659 3091 20
684 3033 715 3092 et
737 3027 830 3111 Prop.
853 3027 912 3091 III.
939 3027 989 3104 12,
1007 3026 1062 3092 Sil.
1087 3027 1128 3090 30
1152 3030 1184 3089 et
1201 3024 1293 3108 Prop.

125 3135 184 3200 III.
211 3136 388 3219 15,2esqq.
434 3135 596 3200 Potuisset
617 3135 672 3199 ille
695 3136 729 3198 in
752 3156 803 3196 vv.
829 3135 900 3216 16,5
916 3155 963 3219 sq.
991 3133 1168 3198 scribendis
1197 3151 1294 3217 quae·

125 3242 196 3306 dam
230 3243 351 3308 discere
384 3262 425 3306 ex
457 3241 550 3325 Prop.
584 3263 633 3303 vv.
667 3241 723 3305 IV.
756 3243 849 3320 13,49
865 3263 911 3326 sq.
961 3241 1107 3312 Fortasse
1139 3240 1294 3324 Propertii

123 3349 203 3413 illud
230 3349 374 3434 ‘pedihus
400 3349 511 3414 fulcire
538 3349 680 3432 pruinas’
709 3350 742 3412 in
771 3371 800 3412 r.
830 3349 854 3412 l.
879 3351 929 3430 8,7
959 3356 991 3414 et
1012 3348 1182 3414 Silentiarii
1211 3351 1294 3426 ἴχνος

124 3457 310 3538 1611611661
333 3457 442 3530 eodem
470 3456 556 3522 fonte
579 3456 718 3541 profecta
746 3462 831 3521 sunt.
877 3457 1038 3542 Suspioari
1066 3457 1139 3520 lieet
1162 3455 1294 3539 Proper-

124 3565 206 3628 tium
229 3565 331 3629 mrdto
355 3565 567 3648 pluraquam
592 3566 712 3629 seimus
735 3564 961 3629 Alexandrinis
985 3563 1109 3644 debere,
1138 3563 1293 3646 quaedam

125 3676 162 3735 ut
185 3692 235 3734 vv.
259 3670 315 3735 IV.
342 3673 394 3754 13,
408 3674 450 3736 43
466 3691 533 3756 sqq.
558 3691 599 3736 cx
621 3670 763 3736 Leonida
784 3671 952 3736 Tarentino
981 3671 1019 3734 ad
1048 3669 1181 3734 verbum
1209 3675 1293 3734 han·

125 3779 298 3862 scripsisse.
353 3778 496 3862 Vestigia
533 3778 826 3842 Alexandrinorum
863 3797 920 3861 per
952 3783 1050 3842 totam
1079 3777 1293 3860 anthologiam

125 3885 277 3951 Graecam
301 3886 444 3969 dispersa
467 3892 551 3950 sunt.
597 3885 756 3949 Videntur
778 3887 813 3949 in
841 3885 967 3950 creticis
994 3883 1091 3950 rebus
1118 3884 1293 3967 illiusque

123 3992 164 4057 ad
183 3993 359 4058 novissima
377 3994 575 4077 antiquitatis
596 3993 723 4057 saecula
740 3993 900 4076 principes
919 3992 1159 4074 imitationeque
1175 3991 1293 4076 dignis·

125 4101 198 4164 simi
220 4099 353 4164 iudicati
376 4100 471 4166 esse*
900 4115 903 4120 ·

213 4257 229 4292 ⁸
247 4258 288 4312 De
306 4260 436 4313 universa
453 4259 505 4313 hae
521 4273 552 4312 re
571 4275 643 4313 nnnc
662 4247 802 4313 consulere
822 4258 899 4312 licet:
918 4257 1020 4325 Mallet
1035 4255 1212 4324 Quaestiones
1227 4256 1293 4312 Pro·

124 4347 270 4418 portionas,
289 4348 354 4403 diss.
374 4347 492 4417 Gotting.
513 4346 589 4402 1882.
