3074 4788
583 305 803 368 “39-

106 487 266 565 sumptaa'
285 492 369 547 recte
392 485 425 546 in
449 483 507 546 hac
526 503 560 546 re
580 475 793 548 Schneideros
820 484 908 565 (Call.
931 485 973 548 ΙΙ.
998 505 1026 568 p.
1047 485 1102 563 41)
1121 485 1282 568 iudicavit,

104 607 191 672 quae
209 595 315 654 cetera
337 591 423 654 addit
446 591 485 654 de
508 591 649 654 carmine
672 589 722 653 Pr.
742 590 801 654 III.
822 594 863 654 34
888 613 951 658 non
976 585 1082 675 probo.
1121 593 1173 656 Sic
1196 595 1281 657 enim

103 696 179 760 illos
197 699 693 781 versust33-3sstinte1pretor:
714 698 770 763 ‘Tu
788 701 896 782 potius
907 699 1063 764 Philotam
1081 717 1179 782 quam
1189 699 1282 763 Calli·

102 803 258 866 maohum
273 805 306 866 in
321 805 366 868 eis
382 823 464 888 quae
480 823 574 868 canes
589 807 723 888 imitere,
741 827 815 871 nam
831 810 891 872 etsi
906 827 980 870 cum
992 805 1183 870 Callimacho
1204 827 1281 889 quo-

104 927 171 992 que
193 929 344 995 persaepe
368 931 492 976 amores
515 931 620 994 canes,
643 919 749 978 tamen
774 916 852 998 quid
875 914 932 978 tibi
951 914 1128 998 proderunt
1146 913 1281 977 aliorum

100 1017 238 1100 grandia
256 1017 319 1082 iata
337 1020 405 1082 sive
424 1017 505 1082 bona
524 1021 592 1084 sive
615 1021 697 1084 mala
722 1024 791 1085 sive
813 1024 902 1105 epioe
928 1023 995 1086 sive
1018 1021 1156 1104 elegiaco
1181 1027 1281 1085 metro

103 1125 251 1194 cantata?
288 1109 346 1188 Tu
359 1132 495 1209 angusto
519 1128 649 1211 quidem
669 1134 706 1192 ut
724 1129 864 1194 Philetas
884 1133 916 1193 et
935 1127 1144 1192 Callimachus
1168 1128 1281 1210 ‘incipe

103 1246 221 1295 versus
240 1231 402 1298 includere
421 1234 523 1297 torno'
548 1236 603 1299 sed
626 1235 781 1302 Philotam
807 1255 870 1300 non
896 1233 1125 1298 Callimachum
1150 1240 1281 1298 secutus

100 1339 148 1400 ‘in
172 1343 246 1402 tuos
269 1341 372 1422 ipsius
394 1343 495 1426 ignes,
523 1343 601 1406 dure
623 1351 725 1427 poeta,
748 1342 842 1407 veni’.
884 1343 957 1425 lpse
981 1361 1033 1404 ars
1055 1343 1180 1425 poetica
1202 1342 1281 1404 nihil

101 1446 191 1509 valet
207 1447 241 1508 in
261 1465 366 1512 amore
381 1451 443 1513 nisi
457 1467 494 1513 ea
507 1455 592 1514 recte
607 1452 737 1514 utimur.
764 1450 854 1513 Idem
868 1449 921 1513 ille
933 1449 1035 1513 facere
1051 1449 1180 1513 iubetur
1194 1448 1281 1530 quod

101 1552 291 1636 Propertius
311 1555 366 1638 qui
386 1557 521 1620 conviva
543 1562 654 1638 regnet
675 1559 759 1621 inter
781 1555 903 1640 puellas
930 1557 1058 1640 ingemo
1083 1575 1156 1638 suo,
1184 1574 1280 1638 quem

101 1661 197 1722 iuvet
218 1660 373 1754 hesternis
396 1663 548 1747 languere
572 1664 707 1746 corollis,
732 1666 787 1748 qui
811 1668 848 1726 ut
870 1663 971 1728 Varro
1001 1662 1145 1726 Catullus
1169 1661 1281 1724 Gallus

102 1767 239 1830 iecerint
266 1767 461 1834 carminibus
489 1771 558 1836 suis
590 1790 681 1835 suam
705 1769 845 1856 puellam
865 1775 1026 1833 aeternam
1050 1768 1279 1852 spondentibus

104 1875 294 1938 memoriam
323 1876 432 1940 laudet
458 1877 668 1962 celebretque.
719 1878 758 1942 ln
786 1896 837 1942 vv.
866 1878 906 1940 41
934 1897 978 1960 sq.
1007 1877 1066 1942 hoo
1093 1874 1214 1939 Birtius
1246 1876 1279 1938 in

103 1979 189 2046 Mus.
211 1981 314 2046 Rhen.
339 1983 399 2048 vol.
425 1986 468 2046 32
490 2005 519 2067 p.
544 1985 609 2046 412
636 1991 720 2049 16016
747 1985 828 2048 vidit
855 1982 960 2047 ‘verba
984 1981 1182 2066 componere’
1210 2001 1280 2046 esse

102 2089 237 2172 grandia
259 2109 342 2153 nova
360 2090 458 2154 verba
476 2091 695 2174 compluribus
713 2091 862 2155 audacter
880 2091 1065 2172 compositis
1084 2089 1280 2153 conformare

105 2202 138 2259 et
170 2213 284 2260 creare.
330 2196 526 2262 Sententiam
564 2204 671 2263 tamen
708 2199 891 2263 hexameter
927 2201 1187 2281 pentameterque
1220 2195 1282 2260 sibi

104 2311 244 2386 poscunt
272 2305 366 2368 hanc:
397 2305 506 2369 desine
534 2305 666 2390 grandia
693 2305 791 2370 verba
818 2305 1017 2368 conformare
1045 2303 1199 2386 superbis¹
1213 2321 1279 2366 car-

103 2408 248 2474 minibus
272 2412 404 2490 melicis,
427 2412 617 2494 Aeschyleis
640 2413 808 2498 tragoediis
833 2412 870 2475 of.
896 2410 986 2475 Ouid.
1011 2411 1082 2474 Am.
1107 2410 1131 2473 Ι.
1157 2411 1208 2491 15,
1229 2411 1279 2472 15.

104 2517 253 2582 Fortasse
280 2519 332 2582 ille
360 2539 457 2583 unam
486 2520 585 2584 solam
613 2521 805 2603 tragoediam
835 2520 1003 2601 scripserat
1025 2516 1204 2581 ‘Danaides'
1231 2518 1279 2579 in-

104 2626 254 2707 scriptam
280 2645 345 2709 qua
361 2627 647 2711 Hypermnestram
666 2630 801 2711 eiusque
821 2627 990 2709 coniugem
1010 2624 1175 2705 Lynceum
1200 2624 1280 2688 cele-

103 2732 221 2814 bravit,
252 2739 362 2817 postea
394 2729 502 2800 temen
531 2736 649 2818 quippe
682 2738 737 2819 qui
766 2737 834 2818 ipse
862 2733 901 2796 ad
930 2751 1053 2796 amores
1081 2731 1280 2796 incumberet

102 2840 274 2923 tragoediis
301 2842 490 2925 posthabitis
515 2842 697 2905 Callimachi
725 2843 828 2905 Astiis
857 2859 984 2924 operam
1013 2838 1148 2903 dederat.
1193 2838 1279 2922 Ergo

103 2947 134 3009 si
165 2945 202 3010 de
225 2947 379 3030 Aeschyli
407 2949 576 3033 tragoediis
605 2950 639 3011 in
667 2969 696 3010 v.
725 2949 765 3010 41
798 2948 927 3014 demum
956 2948 1061 3030 agitur
1088 2965 1152 3008 non
1176 2947 1282 3029 potuit·

103 3053 147 3116 de
169 3053 396 3139 codem‘poeta
418 3063 492 3121 ante
516 3075 619 3121 sermo
643 3056 712 3119 fieri
735 3057 769 3118 in
793 3075 822 3116 v,
848 3057 897 3118 29.
943 3054 1054 3137 Inepte
1077 3058 1170 3137 poeta
1192 3059 1277 3137 post·

103 3174 204 3242 quam
237 3163 374 3226 amicum
408 3164 512 3228 vetuit
542 3163 713 3247 tragoediis
746 3181 872 3245 operam
907 3163 979 3226 dare
1017 3160 1158 3225 adderet:
1197 3176 1278 3224 neve

102 3273 142 3331 tu
166 3267 261 3331 verbe
282 3270 414 3352 grandia
441 3270 619 3352 Aeschyleo
653 3270 809 3333 cothurno
838 3287 1026 3354 componas,
1059 3288 1099 3332 an
1119 3269 1160 3332 in
1189 3270 1279 3352 epico

103 3376 245 3439 carmine
273 3377 452 3458 Aeschyleo
482 3379 637 3442 cothurno
665 3376 762 3440 verba
788 3375 907 3460 grande
936 3378 1082 3440 sonantia
1110 3380 1141 3439 et
1173 3375 1278 3458 impli-

103 3487 175 3545 cata
203 3484 342 3546 ammina-
369 3483 481 3548 melica
508 3485 675 3548 Pindarico
709 3503 761 3548 ore
788 3481 937 3565 Lynceus
968 3483 1126 3546 finxerat?
1172 3479 1278 3545 Verba

102 3591 139 3651 in
172 3609 200 3651 v,
221 3590 272 3652 '29
299 3591 412 3654 tradita
443 3611 507 3655 non
535 3593 701 3676 tetigerim,
729 3590 828 3654 ‘lecta'
852 3591 912 3653 alio
936 3589 1089 3652 vocabulo
1117 3607 1181 3651 non
1209 3607 1278 3652 mu·

102 3694 177 3759 taho
204 3715 246 3760 ne
273 3715 412 3781 sequens
440 3717 553 3764 versus
582 3699 703 3762 otiosus
730 3699 883 3761 videatur.
938 3695 1051 3760 ‘Lecta'
1080 3714 1144 3758 non
1168 3696 1276 3759 minus

104 3803 279 3867 tenendum
304 3810 352 3869 est
371 3825 468 3889 quam
487 3804 626 3889 ‘accepti'
645 3807 678 3868 in
698 3826 726 3866 v.
746 3804 771 3867 Ι.
792 3805 822 3886 6,
842 3807 883 3867 34
902 3810 934 3868 61
951 3802 1115 3886 ‘acceptas'
1139 3804 1172 3865 in
1192 3824 1221 3864 v.
1238 3803 1275 3864 V.

106 3910 159 3991 11,
178 3911 229 3972 34.
265 3910 412 3976 Fortasse
431 3913 624 3976 Graecorum
643 3912 813 3976 imitationi
836 3913 914 3975 haec
931 3911 1095 3995 participia
1113 3909 1275 3973 debentur.

103 4017 161 4081 Sin
179 4016 368 4083 ‘Erechthei’
391 4026 476 4084 recte
495 4019 645 4083 traditum
668 4024 726 4100 est,
749 4037 815 4082 non
839 4017 974 4100 quilibet
992 4015 1198 4081 Atheniensis
1217 4016 1277 4080 hoc

103 4124 260 4188 vocabulo
284 4126 456 4210 significari
478 4127 595 4210 potuit,
618 4127 694 4208 quia
717 4125 863 4189 Socrates
886 4129 917 4188 et
940 4124 1121 4206 Aeschylus
1146 4143 1276 4207 quoque

103 4231 318 4297 Athenienses
351 4240 453 4316 erant,
486 4233 541 4297 sed
569 4233 597 4295 is
626 4229 715 4296 solus
749 4235 805 4315 qui
836 4232 969 4296 fortasse
1002 4251 1076 4295 vera
1107 4230 1276 4296 Erechthei

103 4339 209 4424 proles
244 4340 432 4422 habebatur,
470 4341 539 4404 dico
572 4339 729 4404 Solonem.
785 4339 933 4404 Solonem
972 4338 1137 4402 Codridam
1175 4337 1275 4403 fuisse
