3074 4788
742 291 960 352 -45-

267 469 349 534 laius
375 469 587 552 reprehensus
615 469 701 551 quod
729 487 846 552 pueros
872 469 996 553 aliquot
1022 470 1105 534 fictis
1134 470 1320 534 nominibus
1347 490 1440 534 voca-

266 577 349 640 verit
371 576 448 639 dicit
470 577 504 638 in
528 575 702 659 Apologiae
724 577 828 659 capite
852 577 991 640 decimo:
1015 577 1136 642 ‘eadam
1150 579 1254 662 igitur
1271 597 1367 662 opera
1389 597 1440 640 ac-

266 689 381 748 cusant
412 682 444 746 O.
473 681 634 746 Catullum
668 683 753 765 quod
785 681 930 747 Lesbiam
962 701 1019 767 pro
1053 683 1162 748 Clodia
1196 685 1377 750 norninavit
1408 690 1440 747 ei
1522 697 1523 704 ’

266 790 407 854 Ticidam
432 790 580 853 similiter
603 790 689 872 quod
713 809 795 873 quae
817 789 943 854 Metella
966 797 1031 854 erat
1053 790 1204 854 Perillam
1228 792 1387 874 scripserit
1410 799 1441 854 et

267 897 469 980 Propertium
494 897 551 980 qui
570 896 740 978 cynthiam
760 898 842 961 dicat
859 897 1006 962 Hostiam
1031 897 1210 961 dissimulet
1229 902 1261 960 at
1277 896 1439 962 liburiam

268 1003 357 1088 qnod
380 1006 409 1068 ei
433 1009 482 1066 ast
504 1002 617 1066 Plania
638 1005 673 1066 in
697 1005 804 1068 animo
826 1003 917 1069 Delia
945 1005 979 1068 in
1002 1025 1098 1069 versu
1122 1003 1190 1068 etc’
1236 1003 1325 1068 idem
1350 1005 1440 1068 docet
1522 987 1523 1052 Ῡ

267 1110 409 1194 scholion
433 1109 472 1173 ad
496 1109 567 1174 inv,
590 1116 647 1174 sat.
672 1111 727 1175 VI.
751 1133 781 1175 v.
804 1114 820 1174 i
846 1133 864 1176 a
887 1111 1017 1176 Barthio
1041 1113 1110 1176 ads.
1134 1111 1188 1192 46,
1215 1111 1233 1172 3
1257 1111 1440 1194 suppedita—
1522 1133 1523 1200 y

267 1223 337 1282 tum
360 1223 417 1281 ant
445 1219 705 1300 antiquissimum
730 1225 786 1282 aut
812 1221 1083 1283 recentissimum:
1110 1217 1257 1299 ‘Cynthia
1284 1217 1440 1300 Propertii
1522 1277 1523 1284 ,

266 1327 368 1388 amica
395 1333 584 1409 sumptuosa
613 1327 738 1409 proprio
768 1329 896 1390 nomine
919 1325 1033 1390 Hostia
1062 1325 1236 1405 dicabatur,
1262 1326 1308 1388 ait
1330 1329 1438 1389 antem

268 1451 404 1498 uxorem
418 1432 504 1496 illam
518 1433 712 1496 rusticanam
732 1451 796 1494 non
815 1432 915 1498 fuisse
934 1434 1070 1497 similem
1081 1431 1235 1513 Cynthiae
1253 1451 1337 1515 quae
1355 1430 1439 1496 luxu

266 1541 404 1604 vestium
425 1545 456 1604 et
474 1540 715 1624 margaritarum
735 1539 948 1606 oblectabatur
966 1546 1003 1605 ut
1022 1559 1115 1626 saepe
1134 1539 1342 1622 conqueritur
1359 1537 1438 1602 Pro·
1522 1569 1523 1574 1

264 1648 400 1730 partius:
440 1647 518 1730 qnid
544 1648 634 1710 iuvat
667 1652 776 1712 ornato
808 1647 977 1731 procedere
1014 1649 1080 1712 vita
1113 1646 1224 1730 capillo
1258 1644 1326 1709 etc!
1375 1644 1440 1708 Hic
1522 1723 1523 1730 ἵ

266 1774 339 1844 ergo
363 1753 529 1818 scholiasta
551 1753 751 1837 Propertium
770 1755 839 1838 ipso
857 1753 943 1838 legit,
965 1759 1061 1837 atquc
1079 1760 1118 1819 ut
1136 1754 1302 1836 sequentia
1320 1757 1439 1818 testan-

266 1867 319 1926 tur
346 1862 424 1946 legtt
450 1860 609 1928 Catullum
644 1880 780 1946 quoqne.
825 1860 1066 1946 Nihilominus
1105 1859 1249 1927 Hostiam
1283 1859 1440 1942 Propertii
1471 1935 1474 1941 Ι

267 1970 399 2032 amicam
433 1987 507 2032 vere
539 1970 668 2036 nomine
700 1967 887 2052 appellatam
925 1987 995 2032 esse
1026 1987 1104 2052 pace
1137 1966 1274 2030 ducrum
1306 1967 1438 2030 testium

266 2077 566 2140 honestissimorum
595 2075 729 2138 dixerim
757 2074 943 2139 incredibile
972 2081 1026 2138 est
1071 2074 1217 2137 Primum
1245 2075 1277 2135 in
1303 2071 1439 2153 Cynthia
1522 2119 1523 2148 y

265 2183 333 2247 sola
355 2183 408 2247 lex
431 2201 496 2244 non
519 2180 603 2244 valet
622 2201 718 2264 qnam
738 2182 850 2244 statuit
867 2179 1034 2246 Bentleius
1052 2181 1091 2244 ad
1110 2177 1186 2266 Hor.
1207 2179 1292 2244 011.
1314 2179 1364 2260 12,
1385 2178 1438 2259 13,
1522 2185 1523 2270 1

266 2292 322 2373 qui
346 2289 535 2353 scholiastae
557 2289 691 2372 vestigia
714 2307 862 2370 premens
885 2285 1052 2352 Horatiani
1076 2289 1208 2352 dicentis
1230 2285 1349 2350 ‘eodem
1374 2305 1436 2347 nu·
1522 2271 1523 2346 l

265 2416 353 2460 mero
377 2395 573 2477 syllabarum
596 2396 879 2458 commutationem
897 2395 1066 2459 nominum
1090 2391 1173 2458 lecit’
1190 2393 1280 2457 addit
1296 2392 1330 2455 id
1345 2391 1436 2454 iacti·
1522 2381 1523 2468 l

265 2509 368 2567 tatum
388 2522 459 2567 esse
478 2522 496 2566 a
514 2503 615 2586 poetis
634 2504 747 2586 utqui
766 2504 835 2566 eius
854 2505 899 2567 rei
918 2503 1037 2566 conscii
1056 2507 1163 2566 essent
1180 2501 1271 2567 facile
1286 2518 1343 2583 pro
1361 2497 1436 2561 ficto

264 2612 394 2676 nomine
416 2629 529 2674 verum
549 2609 742 2674 substituere
760 2615 892 2693 possent
909 2610 980 2674 sinc
999 2629 1113 2672 versus
1133 2607 1312 2692 dispendio.
1347 2603 1437 2672 Haec

263 2719 316 2782 lex
339 2720 507 2801 Augustas
528 2721 630 2780 aetate
653 2717 775 2780 nullam
798 2725 923 2801 praeter
941 2715 1112 2797 Cynthium
1136 2717 1356 2799 exeeptionam
1380 2732 1436 2776 ex-

262 2832 351 2909 perta
377 2829 434 2888 ast.
484 2823 551 2887 Sub
579 2822 676 2886 Villio
704 2825 790 2887 enim
817 2825 853 2886 in
876 2845 906 2886 v.
928 2822 1005 2888 Hor.
1035 2828 1092 2886 sat.
1106 2821 1141 2885 ·I.
1163 2824 1194 2904 2,
1217 2821 1260 2884 64
1288 2821 1436 2886 annium

263 2931 414 2996 Milonem
438 2931 535 2995 latere
559 2947 672 2994 versus
695 2933 820 3014 egregie
842 2933 962 3014 patitur
985 2931 1142 2994 sententia
1163 2929 1376 3012 ampetitur,
1398 2932 1436 2992 ut

262 3045 346 3104 recte
369 3038 538 3103 Bentleius
560 3038 695 3100 monuit.
741 3037 803 3101 Sed
826 3040 956 3102 nomina
979 3037 1115 3118 Cynthia
1143 3041 1175 3100 et
1196 3035 1310 3100 Hostia
1336 3034 1435 3118 pluri-

262 3149 323 3212 mis
347 3148 425 3210 loois
448 3147 482 3208 in
505 3145 661 3228 Propertii
685 3145 878 3209 carminibus
901 3145 1077 3229 permutari
1099 3163 1164 3206 non
1186 3146 1331 3226 possunt.
1372 3140 1435 3206 Po·

163 3326 166 3332 ,
262 3259 323 3318 test
347 3273 459 3318 verum
481 3251 560 3316 falso
572 3253 702 3316 nomini
721 3250 872 3316 substitui
892 3253 929 3314 in
948 3271 998 3313 vv.
1022 3250 1046 3316 Ι.
1073 3249 1125 3318 11
1152 3247 1435 3318 3822486111

263 3356 1435 3430 88118120101000180111000111.161130230332

264 3471 305 3532 34
324 3485 358 3539 93
381 3467 437 3530 IV.
463 3467 539 3536 219
573 3465 792 3537 2061113
825 3467 965 3544 810.03;
995 3483 1061 3528 non
1088 3468 1193 3547 potest
1220 3462 1372 3527 substitui
1398 3463 1434 3526 in

262 3570 1432 3644 vv.1.41925531842111maa1220152175185631

239 3676 1432 3753 ’191101111514006401110111130011611910

229 3849 232 3856 ,
263 3793 375 3861 2425
405 3791 446 3852 29
466 3805 501 3861 24
530 3789 571 3850 30
591 3803 625 3857 25
653 3786 708 3850 IV.
734 3788 812 3857 243
844 3786 883 3850 V.
909 3787 981 3856 785
1009 3787 1097 3866 851,
1124 3783 1244 3848 scaeda
1270 3782 1434 3848 Iuvenalis

261 3917 375 3964 sensns
399 3903 453 3961 sat.
476 3894 532 3958 VI.
558 3896 585 3957 7.
630 3892 754 3958 Deinde
787 3895 860 3976 quis
889 3893 953 3956 fuit
975 3893 1086 3955 (1001110
1108 3891 1162 3957 ille
1184 3909 1265 3954 avus
1297 3889 1336 3954 de
1368 3909 1433 3973 quo

262 4023 365 4068 sermo
387 4003 424 4067 fit
445 4003 480 4065 in
503 4023 533 4064 v.
556 4000 613 4064 IV.
643 4002 759 4082 2081
806 4000 896 4064 Certe
924 4019 989 4063 nou
1016 3999 1154 4062 Hostius
1179 4002 1271 4081 poeta
1296 3995 1432 4062 Histrici
1522 4061 1523 4076 y

261 4112 334 4176 belli
368 4111 501 4194 scriptor
528 4108 625 4191 prisci
647 4107 844 4190 obsoletiqne
877 4107 1032 4170 sermonis
1064 4106 1116 4170 sui
1148 4123 1290 4168 caussa
1321 4103 1432 4168 Servio
1522 4093 1523 4152 1

261 4217 421 4282 Macrobio
451 4216 544 4279 Festo
573 4214 735 4278 Prisciano
770 4219 1036 4278 commemoratus
1069 4211 1118 4292 (ci
1146 4210 1319 4275 Weioherti
1351 4215 1432 4294 poet.

261 4327 312 4390 lat.
336 4325 450 4407 reliqu.
473 4343 504 4405 p.
526 4322 566 4384 13
585 4324 666 4418 sqq.)
690 4341 777 4384 unus
800 4339 841 4385 ex
865 4320 929 4384 illis
951 4320 1064 4404 priscis
1086 4319 1189 4401 poetis
1213 4337 1351 4401 quorum
1375 4337 1432 4382 no·
1522 4407 1523 4420 χ
